3043 3899
1496 128 1524 177 4

269 269 452 325 guntina,
479 270 558 311 etsi
583 272 796 329 nonnulla,
815 286 918 327 quae
947 278 1064 315 antea
1089 274 1302 321 reiecerat,
1333 285 1383 312 ex
1412 285 1461 312 ea
1491 272 1724 312 asciscendo
1753 285 1847 312 esse
1876 273 2048 321 censuit,
2082 272 2236 312 nonita
2266 271 2462 319 desuerit,
2491 275 2536 311 ut
2567 269 2739 322 Mogon-

268 339 353 380 tiuo
379 353 575 380 summam
607 342 888 383 auctoritatem
909 332 1178 383 'tribuendam
1206 342 1468 381 existimaret.
1525 341 1613 381 Hoc
1643 341 1783 381 statuit
1813 340 2189 388 Drakenborchius,
2222 339 2290 392 qui
2320 350 2557 391 quamquam
2582 337 2746 378 videbat

271 407 375 448 male
385 420 471 448 rem
487 409 684 461 gessisse,
699 410 940 463 quicumque
955 410 1293 462 superstitiosius,
1312 422 1429 462 quam
1440 422 1516 461 par
1532 414 1655 456 esset,
1678 408 1747 447 uui
1759 408 1998 460 Mogentino
2018 407 2311 456 adhaesissent,
2333 419 2370 446 v.
2386 418 2423 445 v.
2434 405 2517 446 Vll.
2534 418 2573 458 p.
2591 403 2745 452 inv„

269 471 422 515 tamen'
441 476 637 528 plurima,
678 489 782 529 quae
809 476 1037 518 Gronovius
1067 474 1348 527 damnaverat,
1376 477 1581 517 revocavit
1605 486 1653 516 ac
1679 473 1886 525 defendit,
1915 487 2089 528 raroque
2118 479 2161 516 et
2187 485 2319 528 paene
2343 475 2492 516 invitus
2520 487 2544 514 a
2572 473 2745 526 Mogon-

270 543 343 583 tini
374 546 616 585 auctoritate
653 546 838 587 recessit.
895 545 1037 597 Neque
1077 546 1221 585 mirum
1260 546 1390 585 videri
1429 550 1567 598 potest
1601 551 1670 584 aut
1695 542 2066 601 Drakenborchium
2102 545 2157 584 ita
2194 543 2418 595 iudicasse,
2455 542 2524 584 aut
2553 554 2646 592 eos,
2678 542 2746 594 qui

272 616 415 663 postea
446 612 601 653 Livium
628 613 865 662 ediderunt,
905 627 997 654 eum
1027 620 1191 657 secutos
1220 627 1338 665 esse,
1375 616 1481 667 quod
1518 619 1681 667 praeter
1709 614 1989 665 Moguntinnm
2024 618 2176 654 tantum
2204 613 2454 653 recentiores
2492 612 2584 652 libri
2611 611 2747 652 multis

270 679 372 719 locis
404 678 585 733 corrupti
618 686 660 720 et
687 681 897 733 depravati
922 682 1078 721 consuli
1108 687 1308 735 poterant.
1365 682 1580 736 Postquam
1620 687 1752 721 autem
1783 681 2089 734 Bambergensis
2120 680 2249 722 codex
2277 681 2423 722 iterum
2453 682 2493 721 in
2523 681 2652 721 lucem
2682 684 2747 722 est

271 753 516 801 protractus,
544 749 694 801 aliquid
723 750 992 799 auctoritutis,
1022 764 1126 802 quae
1155 763 1284 802 usque
1310 751 1361 790 ad
1391 751 1489 789 illud
1516 757 1676 803 tempus
1706 750 1781 789 soli
1801 750 2040 802 Moguntino
2066 763 2259 790 concessa
2289 756 2390 801 erat,
2416 752 2493 790 sibi
2521 750 2746 790 vindicavit.

272 815 308 857 la
339 816 443 857 enim
470 815 611 866 codex,
642 829 880 871 quamquam
915 830 966 858 ex
991 817 1134 858 eodem
1161 817 1298 868 fonte,
1327 816 1433 858 unde
1461 821 1708 859 recentiores
1741 817 1832 856 libri
1857 823 2142 869 provenerunt,
2173 823 2238 858 est
2265 819 2501 871 profectus,
2533 824 2664 857 tamen
2694 829 2743 857 ex

271 885 505 939 apographo
533 884 653 939 longe
676 885 839 926 diverso
868 889 912 927 et
927 883 1053 926 multo
1080 884 1209 926 minus
1238 892 1432 940 corrupto
1458 884 1689 939 descriptus
1716 891 1793 935 est,
1822 887 1990 938 eiusque
2008 885 2179 927 virtutes
2196 888 2322 940 magis
2352 887 2472 927 etiam
2502 885 2744 939 conspicuae

270 950 417 1001 forent,
448 953 525 993 nisi
555 954 688 995 scriba
709 953 773 994 vel
791 954 927 1008 potius
945 954 1104 996 scribae
1131 959 1174 994 et
1194 953 1435 1006 negligentia
1466 959 1509 996 et
1536 953 1747 1007 archetypi
1777 951 1935 1007 legendi
1965 951 2204 994 difficultate
2219 956 2365 995 multos
2396 956 2504 995 locos
2534 958 2577 993 et
2605 952 2744 1007 plures

271 1020 389 1061 etiam
432 1033 549 1073 quam
586 1022 626 1062 in
661 1022 957 1063 recentioribus
997 1020 1110 1063 libris
1153 1019 1307 1063 lacunis
1346 1021 1654 1063 deformassent.
1712 1021 1839 1073 Quem
1877 1021 2020 1061 librum
2061 1035 2149 1061 cnm
2178 1026 2273 1075 post
2299 1021 2574 1075 Kreyssigium
2603 1027 2744 1061 nactus

270 1095 380 1129 esset
406 1087 515 1130 lmm.
544 1090 752 1130 Bekkerus
784 1094 828 1131 et
856 1089 896 1131 in
927 1091 1068 1145 primis
1097 1091 1351 1145 potissimum
1382 1096 1549 1144 quartae
1579 1088 1742 1131 decadis
1770 1088 1884 1130 libris
1910 1089 2032 1129 multa
2062 1090 2150 1130 eius
2180 1091 2298 1131 unius
2328 1090 2510 1131 subsidio
2539 1089 2743 1131 emendari

268 1170 391 1210 posse
419 1158 614 1207 vidisset,
644 1157 718 1199 sed
741 1159 861 1198 etiam
897 1159 936 1198 in
962 1158 1065 1198 libro
1092 1157 1254 1197 xxxin
1282 1158 1390 1198 haud
1423 1154 1709 1198 raro'menora
1749 1169 1840 1197 eum
1876 1170 1994 1211 quam
2027 1155 2302 1210 Moguntinum
2341 1158 2494 1199 habere
2527 1163 2569 1200 et
2601 1159 2641 1199 in
2677 1170 2744 1198 se-

274 1227 489 1277 quentibus
516 1240 593 1266 non
628 1241 757 1279 pauca
784 1226 886 1266 bona
917 1227 1115 1278 praebere
1144 1228 1403 1280 intelligeret,
1434 1239 1511 1265 non
1541 1226 1705 1265 multum
1733 1225 1861 1264 abfuit
1878 1223 2102 1264 aGronovii
2133 1226 2346 1275 sententia,
2371 1231 2415 1267 et
2444 1238 2568 1279 saepe
2591 1237 2615 1267 a
2642 1224 2741 1266 Dra-
2828 1240 2839 1251 ²

269 1292 519 1335 kenborchio
548 1292 763 1335 discedens
794 1295 919 1335 multo
949 1296 1130 1347 pluribus
1161 1296 1286 1344 locis,
1327 1308 1444 1347 quam
1474 1292 1710 1346 Kreyssigio
1739 1292 1937 1346 placebat,
1972 1299 2041 1332 aut
2069 1298 2209 1345 spreta
2240 1293 2464 1347 Moguntini
2494 1294 2744 1343 auctoritate,

269 1367 339 1401 aut
367 1361 474 1414 qnod
500 1362 723 1411 dubitabat,
753 1375 845 1403 num
874 1376 936 1412 ea,
963 1376 1066 1416 quae
1087 1361 1279 1403 Gelenius
1310 1361 1556 1411 adnotasset,
1583 1361 1712 1402 omnia
1742 1374 1791 1402 ex
1819 1359 1888 1401 illo
1915 1360 2018 1401 libro
2047 1366 2184 1401 essent
2209 1367 2383 1415 sumpta,
2410 1361 2744 1415 Bambergensem

268 1435 333 1469 est
360 1435 540 1471 secutus.
598 1430 748 1471 Contra
779 1430 869 1475 Nic.
898 1431 1127 1485 Madvigius
1158 1431 1197 1472 in
1229 1429 1585 1472 Emendationibus
1614 1429 1726 1471 Livv.
1756 1443 1796 1482 p.
1826 1428 1912 1469 364
1937 1427 2288 1481 Bambergensem,
2318 1443 2555 1482 quamquam
2588 1432 2627 1471 in
2658 1431 2743 1470 uni-

268 1510 430 1536 versum
458 1497 698 1550 Moguntino
729 1499 869 1548 cedat,
898 1504 1031 1539 tamen
1061 1499 1274 1552 locupletis
1309 1498 1426 1539 testis
1455 1497 1586 1538 locum
1627 1497 1811 1537 obtinere
1847 1501 2009 1545 censet,
2052 1495 2120 1548 qui
2149 1500 2191 1537 et
2214 1495 2443 1550 Moguntini
2468 1498 2744 1539 auctoritatem

267 1565 402 1605 multis
442 1565 543 1606 locis
583 1566 795 1620 insigniter
831 1565 1041 1608 confirmet
1077 1573 1145 1608 ant
1181 1567 1298 1620 plane
1336 1580 1425 1608 cum
1465 1579 1515 1607 eo
1549 1563 1785 1619 conspirans
1826 1570 1895 1605 aut
1922 1577 2050 1618 prope
2078 1564 2300 1615 accedens,
2331 1570 2374 1607 et
2401 1580 2473 1607 sua
2501 1567 2743 1620 propriaque

268 1634 371 1673 bona
410 1636 656 1682 servaverit,
691 1641 734 1674 et
772 1636 812 1675 in
847 1636 949 1676 libro
989 1633 1146 1675 xxxin
1186 1635 1282 1685 illo,
1322 1633 1653 1688 quemadmodum
1693 1630 1855 1686 quidem
1892 1632 2020 1673 lectus
2061 1637 2103 1673 et
2130 1644 2352 1686 expressus
2381 1632 2457 1683 sit,
2492 1633 2743 1687 superiorem

269 1703 411 1742 videri.
470 1703 648 1742 Eandem
680 1703 770 1742 fere
800 1704 1037 1744 sententiam
1068 1702 1107 1744 in
1135 1703 1264 1758 praef.
1296 1702 1382 1744 edit
1409 1702 1486 1743 vol.
1505 1700 1538 1743 V
1568 1714 1610 1755 p.
1637 1698 1687 1742 Vl
1717 1701 1881 1754 repetit,
1909 1700 1980 1741 sed
2012 1700 2123 1742 addit
2150 1714 2196 1742 se
2225 1701 2303 1743 iam
2334 1701 2599 1743 confidentius
2626 1716 2743 1756 quam
2769 1702 2777 1709 ’

266 1770 305 1809 in
338 1771 695 1811 Emendationibus
725 1769 865 1810 dicere
898 1772 937 1810 in
967 1772 1018 1811 iis
1045 1771 1160 1821 locis,
1191 1772 1230 1811 in
1248 1771 1394 1824 quibus
1422 1770 1650 1824 scripturae
1678 1769 1728 1809 ad
1759 1769 1998 1810 sententiam
2029 1774 2071 1810 et
2095 1770 2316 1811 orationem
2340 1769 2432 1811 fere
2459 1783 2588 1823 aeque
2616 1771 2743 1813 bonae

266 1846 447 1887 certent,
490 1840 780 1891 praeferendas
819 1853 914 1878 esse
945 1838 1173 1892 Moguntini
1213 1841 1264 1878 ob
1294 1839 1589 1887 auctoritatem,
1622 1843 1663 1877 et
1688 1838 1882 1876 bonarum
1913 1837 2064 1889 aliquot
2096 1838 2411 1890 scripturarum,
2450 1850 2552 1891 quae
2579 1851 2630 1880 ex
2658 1839 2745 1881 solo

266 1907 403 1947 Bamb.
432 1912 618 1948 enotatae
647 1909 748 1956 sint,
788 1908 1018 1960 complures
1050 1909 1170 1947 etiam
1200 1908 1241 1946 in
1267 1907 1379 1960 Mog‚
1408 1907 1553 1955 fuisse,
1580 1905 1652 1945 sed
1682 1905 1721 1944 in
1750 1906 2003 1958 excerpenda
2030 1906 2224 1945 varietate
2257 1907 2441 1955 omissas,
2470 1906 2576 1959 quod
2607 1920 2743 1949 earum

267 1976 422 2015 bonitas
454 1989 531 2016 non
561 1975 880 2028 intelligeretur3
921 1974 1095 2027 deniqne
1133 1975 1321 2015 concedit
1359 1976 1398 2014 in
1435 1974 1539 2014 libro
1567 1972 1729 2013 xxxm
1759 1965 1897 2012 Bamb.
1935 1985 2074 2025 parem
2113 1979 2156 2013 et
2190 1985 2322 2027 paene
2358 1976 2614 2028 superiorem
2652 1988 2745 2018 esse

268 2043 521 2095 Mogontino,
553 2043 673 2095 idque
701 2042 795 2083 inde
828 2049 959 2083 ortum
991 2057 1085 2083 esse
1115 2042 1269 2090 censet,
1300 2043 1406 2094 quod
1437 2043 1662 2093 Moguntini
1697 2054 1787 2080 cum
1818 2040 1925 2079 illam
1955 2047 2110 2092 partem
2141 2054 2165 2079 e
2183 2041 2325 2095 primis
2345 2042 2499 2082 codicis
2528 2042 2637 2084 foliis
2660 2044 2745 2085 for-

265 2117 375 2153 tasse
408 2110 511 2151 male
544 2110 694 2151 habitis
713 2106 887 2151 nondum
907 2109 957 2151 ad
989 2112 1081 2150 e'um
1112 2109 1323 2163 legendnm
1354 2110 1565 2150 exercitati
1595 2110 1778 2157 ederent,
1809 2110 2006 2160 permulta
2035 2111 2138 2149 male
2167 2110 2364 2163 legissent
2391 2117 2434 2150 et
2455 2112 2744 2166 corrupissent,

265 2179 599 2232 nequeGelenius
628 2179 757 2218 omnia
787 2179 1046 2219 correxisset.
1108 2178 1189 2219 Sed
1216 2177 1320 2218 haec
1344 2179 1379 2217 si
1399 2191 1494 2217 vera
1525 2183 1636 2216 esset
1666 2190 1799 2224 causa,
1834 2190 1965 2228 neque
1995 2182 2103 2216 tanta
2134 2178 2364 2217 lacunarum
2397 2179 2611 2220 multitudo
2638 2181 2744 2222 uude

265 2252 351 2289 orta
382 2250 494 2288 esset
521 2245 832 2300 intelligeretur,
862 2259 995 2299 neque
1025 2246 1093 2298 qui
1123 2245 1272 2288 factum
1301 2252 1428 2295 esset,
1461 2253 1504 2285 ut
1532 2247 1572 2285 in
1602 2236 1780 2285 extrema
1807 2247 1899 2285 libri
1929 2245 2000 2284 xi,
2030 2253 2147 2297 parte
2185 2260 2354 2298 prorsus
2381 2248 2523 2286 eadem
2553 2249 2744 2288 codicicis

264 2313 448 2357 condicio
482 2315 802 2370 conspiceretur,
834 2326 965 2368 neque
994 2313 1205 2369 probabile
1247 2319 1311 2355 est
1339 2312 1552 2355 Gelenium
1587 2313 1627 2354 in
1665 2313 1742 2354 hac
1770 2319 1908 2366 parte,
1949 2314 2016 2354 ubi
2047 2314 2218 2355 maxima
2246 2329 2344 2355 cura
2374 2328 2476 2368 opus
2502 2329 2596 2356 esse
2623 2316 2745 2358 facile

263 2383 491 2437 intelligere
518 2389 680 2438 posset,
706 2381 837 2423 fuisse
863 2383 1220 2437 negligentiorem3
1253 2397 1399 2436 quare,
1427 2383 1522 2424 inde
1551 2382 1685 2437 potius
1714 2382 1833 2423 huius
1861 2383 1923 2423 rei
1953 2396 2072 2423 causa
2099 2384 2321 2437 repetenda
2347 2389 2432 2433 est,
2463 2384 2568 2438 quod
2595 2386 2634 2426 in
2663 2386 2743 2427 illis

264 2453 447 2506 partibus
467 2453 694 2492 continuam
711 2453 947 2502 orationem,
978 2458 1022 2493 et
1044 2452 1146 2493 bona
1177 2458 1219 2493 et
1247 2457 1452 2506 corrupta,
1481 2458 1524 2493 et
1550 2452 1728 2493 fortasse
1755 2450 1858 2493 haec
1879 2465 1957 2493 non
1977 2453 2121 2500 omnia,
2158 2452 2198 2493 in
2213 2452 2381 2506 reliquis
2398 2457 2531 2494 autem
2549 2455 2742 2497 bonorum

261 2528 438 2568 tantum,
469 2534 557 2560 nam
592 2519 820 2574 Moguntini
851 2534 953 2574 quae
983 2522 1132 2576 plura
1165 2528 1207 2562 et
1236 2520 1456 2562 meliora
1486 2522 1760 2562 invenirentur
1795 2534 1842 2561 se
1876 2528 2142 2574 excerpturos
2179 2534 2273 2562 esse
2303 2520 2481 2574 professi
2510 2536 2588 2563 non
2617 2523 2743 2578 magis

262 2603 380 2642 quam
409 2589 606 2629 Gelenius
636 2595 704 2630 aut
733 2590 879 2630 menda
909 2595 977 2630 aut
1006 2591 1168 2631 lacunas
1198 2595 1387 2630 curarunt
1413 2595 1481 2630 aut
1495 2589 1747 2636 adnotarunt,
1774 2595 1966 2643 excerpta
1995 2589 2035 2629 in
2065 2590 2198 2641 iisqne
2226 2590 2354 2642 magis
2383 2590 2424 2630 in
2453 2590 2595 2631 bonam
2626 2604 2742 2643 quam

261 2659 300 2697 in
332 2657 473 2696 malam
505 2662 661 2710 partem
699 2657 882 2698 codicem
926 2659 1130 2710 cognitum
1170 2656 1379 2697 habemus.
1436 2656 1606 2696 Tantam
1645 2648 1778 2696 autem
1807 2657 2084 2696 auctoritatem
2116 2656 2355 2710 Moguntino
2383 2670 2478 2697 esse
2504 2656 2742 2711 habendam,

261 2732 447 2778 quantam
463 2724 560 2773 dixi,
591 2724 644 2764 ita
662 2723 810 2777 probat
821 2724 1064 2778 Madvigius,
1092 2731 1138 2766 ut
1164 2739 1239 2778 per
1256 2725 1409 2777 aliquot
1438 2725 1572 2776 capita
1599 2727 1799 2773 continua,
1829 2738 1933 2776 quae
1962 2725 2260 2765 emendationes
2284 2724 2343 2764 illi
2373 2725 2477 2765 libro
2505 2726 2743 2776 debeantur,

261 2798 425 2833 enarret
455 2798 497 2832 et
522 2792 691 2832 eandem
723 2792 870 2846 ubique
899 2793 1094 2833 rationem
1124 2793 1309 2833 obtinere
1336 2792 1527 2833 affirmet.
1584 2793 1721 2846 Elegit
1749 2799 1882 2834 antem
1912 2793 2003 2833 libri
2030 2791 2194 2833 xxxiv
2216 2805 2306 2845 cap.
2323 2792 2376 2832 41
2405 2792 2521 2833 ad5⁰
2537 2800 2579 2833 et
2597 2793 2742 2837 XXXV

263 2875 353 2914 cap.
385 2862 407 2900 1
438 2862 487 2900 ad
519 2861 596 2908 12;
628 2863 667 2900 in
698 2862 844 2911 quibus
877 2860 1103 2913 Mogontini
1129 2860 1311 2900 subsidio
1347 2861 1449 2900 haec
1477 2860 1663 2900 restituta
1695 2874 1789 2901 esse
1830 2859 1951 2901 dicit:
1986 2858 2178 2910 xxxiv,
2208 2860 2289 2910 42,
2319 2859 2349 2899 6
2381 2856 2645 2911 Buxentum3
2686 2862 2742 2904 ib.

260 2930 334 2986 qui
361 2928 569 2977 additum3
604 2927 675 2977 43,
703 2929 733 2969 9
760 2933 938 2972 senatus
959 2929 1195 2971 censuisset
1214 2928 1491 2977 emendatum3
1520 2928 1590 2978 44,
1623 2928 1651 2967 8
1676 2929 1831 2984 pridie
1849 2926 2097 2977 Calendas‚·
2125 2928 2195 2978 45,
2219 2928 2252 2968 2
2279 2924 2622 2986 Buxentumque,
2637 2930 2743 2984 quod

258 3011 309 3038 ex
338 2997 429 3038 cod.
458 3009 536 3036 nou
581 3001 785 3037 enotatum
810 2998 867 3037 xin
896 2997 994 3037 edit.
1052 2997 1288 3049 Mogontina
1329 2997 1501 3049 legitur3
1534 2998 1590 3036 ib.
1616 2997 1656 3037 5.
1687 2999 1810 3037 addit.
1837 3002 1882 3039 et
1911 2996 1959 3038 C.
1992 2995 2203 3038 &Ionius
2230 3011 2253 3036 a
2280 2997 2473 3046 Geleni03
2506 2999 2596 3051 ipse
2625 2999 2741 3040 Mad·

258 3064 402 3119 vigius,
433 3062 539 3118 quod
568 3063 608 3105 in
638 3062 775 3105 Bamb.
809 3064 959 3118 legitur
987 3076 1085 3121 que,
1115 3077 1273 3106 mecum
1299 3065 1471 3118 scripsit
1483 3062 1606 3117 Q.**,
1635 3063 1684 3108 C.
1716 3062 1940 3116 Salonius,
1966 3071 2009 3105 et
2039 3070 2194 3118 partem
2225 3065 2392 3106 lacunae
2419 3078 2442 3105 a
2469 3065 2641 3107 Gelenia
2668 3068 2743 3109 ob-

259 3141 459 3176 scuratam
489 3146 597 3183 esse,
627 3132 776 3188 aliquid
805 3134 892 3175 veri
920 3134 1056 3175 Bamb.
1087 3147 1273 3176 servasse
1300 3133 1501 3183 concedit,
1530 3133 1601 3184 46,
1631 3132 1657 3174 1
1689 3132 1780 3175 add.
1793 3132 1998 3182 Raccus3
2023 3133 2093 3182 48,
2123 3134 2151 3175 2
2179 3132 2275 3174 add.
2299 3133 2452 3189 pondo
2475 3133 2613 3192 bigati
2640 3148 2740 3179 m·

257 3211 345 3246 tum
357 3204 516 3259 viyinti
533 3203 626 3244 tria
644 3201 783 3254 milia,
804 3199 1009 3245 Oscensis
1026 3199 1176 3254 DXL,
1205 3216 1324 3256 quem
1346 3202 1477 3243 locum
1500 3202 1618 3243 aliter
1629 3201 1852 3256 Moguntini
1872 3203 2178 3255 exscripserunt
2186 3217 2199 3251 3
2230 3200 2337 3242 ius.
2359 3202 2447 3243 add.
2469 3218 2524 3245 ex
2536 3202 2742 3259 praedia

256 3273 327 3320 47,
354 3272 382 3310 ἵ
406 3273 608 3310 emendat.
637 3283 753 3326 quae
763 3284 781 3318 ,·
805 3271 876 3320 48,
910 3271 932 3310 1
967 3271 1060 3310 add.
1088 3269 1410 3327 Liqummquoe
1436 3270 1490 3310 ib.
1516 3270 1543 3311 2
1570 3271 1665 3311 add.
1689 3269 1794 3318 Izoc3
1823 3271 1876 3311 ih.
1901 3270 1930 3310 6
1956 3269 2045 3311 add.
2072 3269 2322 3313 ham-eutem
2348 3269 2591 3313 visceribus
2618 3269 2743 3314 uobi-

257 3340 448 3381 lissimae
477 3340 699 3385 civitatis,·
737 3340 809 3387 49,
835 3340 865 3379 5
893 3339 1263 3380 Amnem-iustum
1289 3339 1548 3388 restitutum3
1582 3339 1651 3389 50,
1678 3338 1709 3378 8
1735 3337 2088 3388 Acrocorinthm
2126 3344 2170 3380 et
2194 3339 2300 3380 haec
2328 3343 2372 3379 et
2399 3338 2479 3388 49,
2507 3339 2536 3380 8
2560 3339 2741 3398 additum

256 3413 298 3449 et
327 3408 528 3447 debentur
554 3407 747 3454 Gen-,nim
774 3406 846 3456 ω,
873 3407 905 3446 9
931 3406 1241 3454 liberatorem5
1282 3405 1449 3457 XXXV,
1482 3408 1521 3457 1,
1554 3408 1577 3447 l
1607 3407 1716 3450 Imec
1749 3410 1877 3463 yesta
1904 3411 2020 3457 sunt,
2047 3406 2196 3458 reliqui
2226 3405 2319 3448 cdd.
2342 3410 2473 3461 qesta
2500 3412 2601 3450 suut
2626 3406 2740 3451 haec
