3043 3899
1508 169 1541 221 6

380 315 637 368 mambu-
667 323 748 360 etc.
773 331 819 373 p.
853 317 1002 361 12⁸2
1035 316 1136 366 1123
1170 328 1306 369 nque
1335 329 1409 358 cur
1437 330 1474 358 c.
1500 314 1544 371 ⁸,
1572 314 1602 357 2
1629 315 1810 358 dixerat
1843 315 1946 366 (Μ.)
1981 322 2058 370 pu·
2087 330 2136 358 ae
2170 320 2324 361 rectius
2360 321 2441 370 ait,
2493 312 2604 374 qnod
2632 318 2764 362 “d-

275 387 414 441 vidua.
428 386 548 437 dicit,
560 374 695 441 'qnam
718 384 927 430 edi-terat
937 385 1023 437 (Β.)
1050 384 1251 438 intelliget
1265 385 1348 438 'qui
1374 384 1682 446 comparaverit,
1711 397 1817 438 quae
1836 398 1861 426 a
1876 384 2040 427 Duker·
2060 387 2117 428 ad
2137 388 2180 428 Ιι.
2196 388 2240 438 Ι.,
2257 402 2281 429 a
2298 389 2497 431 Drakou-
2524 388 2576 431 ad
2598 387 2762 438 81,ss

276 456 361 510 12,
388 456 514 497 Fabri
542 456 595 497 ad
622 455 693 506 22,
723 455 793 504 11,
820 453 864 505 ⁸,
892 454 1101 508 Madvigio
1128 453 1358 497 Emendat.
1385 451 1537 507 pass?
1565 464 1612 494 ιι.
1631 451 1688 493 1.-
1710 459 1903 507 congesta
1936 459 2057 506 sunt,
2094 455 2149 498 ef.
2179 463 2368 512 praetera
2391 457 2471 508 86,
2496 457 2550 508 8,
2575 457 2617 498 2.
2671 455 2764 499 Non

274 525 404 579 mgb
433 530 592 566 certum
621 522 796 572 attii,-
821 521 865 572 8,
893 521 927 563 5.
949 521 1177 565 mittebant
1202 523 1269 573 (Β.
1298 524 1413 573 rcc.),
1453 522 1561 575 quod
1589 522 1775 562 Bekkero
1800 521 1976 575 placuit,
2015 524 2197 565 deterius
2225 535 2321 566 esse
2348 539 2468 579 quam
2494 523 2768 573 emittebata

274 595 335 635 ibe
356 607 447 650 per
468 582 585 650 ⁴quos
610 602 728 645 qnam
750 603 838 647 per
864 589 999 646 qnod,
1023 591 1265 643 praesertim
1295 604 1388 633 cum
1417 591 1498 632 hoc
1526 590 1687 631 facilius
1714 594 1885 644 propter
1912 587 2187 646 praesidinm
2214 596 2465 636 scriberem,-
2491 607 2609 648 qum
2632 592 2764 641 ‘111213

274 664 317 712 4,
346 663 369 703 1
398 660 864 719 praeter(B.,Bekke1-,
883 659 1098 711 Herttius)
1125 672 1246 712 quam
1271 672 1374 714 per.
1394 660 1494 709 (3.6,
1523 659 1553 700 9
1577 664 1672 713 post
1697 658 1905 713 Signatum
1933 659 2119 713 plerique
2135 661 2342 719 elapsum
2369 665 2410 705 in
2440 677 2523 706 rcc.
2551 663 2762 717 scriptum,

274 732 321 773 Β.
346 731 548 784 firmatum
574 731 835 783 receperunt,
865 732 909 769 et
935 728 1186 782 probabilius
1217 734 1304 779 est,
1343 741 1460 781 quam
1485 741 1572 771 non
1601 726 1787 770 deletum
1815 725 1936 781 (Μ.),
1966 730 2017 769 ad
2045 731 2182 782 priora
2210 734 2534 782 accomodatum;
2567 733 2611 782 7,
2638 731 2667 772 8
2694 731 2764 773 ius

274 819 334 838 -.-,
361 800 589 843 diceretur
620 798 718 857 (M.)
749 809 828 837 nou
857 802 1042 850 praestat
1070 796 1188 837 alteri
1217 797 1286 839 ius
1314 819 1371 828 ——
1396 795 1679 850 redderetur,
1712 795 1772 844 Β.,
1807 796 1979 845 Belxker,
2010 797 2226 847 Hermian
2252 813 2342 840 nec>
2357 800 2411 840 ib.
2439 801 2469 840 4
2496 798 2655 849 deinde
2678 811 2761 853 po·

274 874 498 924 neuqua-
525 864 603 922 (ita
621 866 788 918 saepius
817 865 859 906 in
875 865 936 905 Μ.
966 865 1116 918 legitur
1141 878 1260 918 quem
1292 866 1331 905 in
1361 865 1528 918 reliquis
1559 864 1651 905 cdd.
1678 870 1907 904 ceterarum
1934 864 2244 917 decadum,.qui
2270 868 2509 919 plerumque
2535 871 2764 923 postquam

276 937 453 983 babent,
470 938 514 974 et
540 933 678 974 Madv.
704 945 742 972 ιι.
772 932 800 973 Ι.
828 931 992 974 deinde
1015 937 1248 987 postquam
1278 934 1489 986 praetulit)
1519 933 1637 973 alteri
1664 931 1828 972 lectioni
1857 931 1961 974 inde
1986 937 2240 988 postqumm
2278 948 2354 976 nec
2372 941 2418 975 ὀ.
2441 935 2484 984 8,
2511 934 2541 974 8
2564 933 2762 990 postula·

276 1005 354 1046 vit
372 1006 548 1043 -ιιι-
564 999 857 1042 decernerent
882 1000 1001 1040 alteri
1025 999 1547 1053 postulavit—decern.;
1577 1013 1652 1040 nec
1681 1000 1736 1040 ib.
1761 999 1791 1041 ἵ
1818 1013 1873 1042 ne
1898 1014 1955 1043 ea
1984 1000 2232 1052 reliquorum
2263 1004 2492 1055 scripturae
2518 1003 2594 1058 qui
2615 1013 2684 1049 ea,
2710 1001 2762 1040 de

276 1085 356 1124 quo
385 1069 492 1111 infra
518 1069 702 1109 dicturus
731 1080 845 1116 sum,
887 1072 958 1106 aut
987 1068 1062 1115 10,
1092 1066 1122 1106 ὅ
1151 1067 1197 1108 in
1221 1065 1274 1107 P.
1303 1064 1517 1123 Scipione
1555 1067 1693 1117 alteri,
1742 1066 1849 1121 quod
1892 1067 2013 1110 etiam
2048 1066 2242 1110 Gelenius
2278 1071 2486 1124 probavit,
2526 1067 2762 1126 Scipionis.

275 1140 439 1190 Omitte
457 1152 494 1180 c.
521 1136 565 1187 8,
600 1137 623 1177 1
652 1140 907 1192 agerentur,
923 1136 1012 1185 (alii
1033 1138 1321 1190 yererentur)
1357 1141 1400 1175 et
1428 1136 1497 1185 12,
1530 1138 1550 1176 l
1580 1136 1752 1178 inimice
1780 1134 1935 1192 infesti
1959 1136 2207 1179 Gronovium
2227 1137 2476 1189 defendere,
2502 1143 2546 1180 et
2571 1138 2649 1180 hoc
2674 1137 2762 1190 qui-

273 1209 366 1251 dem
387 1204 753 1249 eti-mnekkerum
774 1208 819 1246 et
837 1203 1048 1246 Hertzium
1066 1205 1277 1258 probasse.
1335 1205 1399 1245 Ex
1428 1205 1510 1254 bis,
1540 1217 1643 1257 quae
1670 1206 1856 1257 exposui,
1888 1210 2060 1257 apparet
2082 1205 2364 1260 moguntinum
2392 1207 2583 1249 nonnulla
2611 1206 2762 1248 babere

273 1276 512 1331 peculiaria,
528 1274 787 1329 *reliquorum
815 1270 1015 1314 ecdicium
1040 1272 1256 1325 scripturis
1278 1272 1562 1325 praeferenda,
1592 1273 1665 1313 sed
1695 1285 1746 1313 ne
1774 1273 1839 1314 his
1864 1274 2029 1325 quidem
2055 1286 2130 1314 sua
2158 1274 2269 1314 bona.
2285 1275 2434 1316 deesse
2463 1281 2506 1316 et
2533 1288 2620 1319 non,
2637 1287 2764 1327 pauca

273 1347 315 1387 in
351 1346 403 1386 iia
440 1342 634 1392 inveniri,
680 1353 785 1393 quae
816 1340 1078 1394 ,Moguntinis
1117 1352 1197 1380 non
1234 1340 1381 1381 cedant
1415 1341 1490 1381 sed
1521 1347 1752 1394 praestent,
1794 1342 1870 1382 slia
1908 1347 2043 1383 autem
2094 1355 2189 1383 esse
2222 1344 2445 1393 eiusmodi,
2497 1349 2542 1384 ut
2590 1342 2764 1383 dubitari

274 1414 431 1467 possit,
468 1417 604 1452 unu-um
641 1409 882 1462 moguntino
923 1421 973 1448 ιιι
1001 1408 1291 1461 Bambergensi
1330 1413 1373 1449 et
1411 1409 1705 1449 recentioribus
1744 1410 1798 1450 sit
1824 1410 2152 1461 obsequendum,
2193 1410 2326 1462 iisque
2352 1412 2411 1451 uti
2439 1425 2519 1451 non
2544 1411 2694 1450 debere
2708 1411 2763 1459 ⁸),

275 1481 545 1534 quiprobare
569 1479 766 1525 voluerit,
806 1477 1089 1529 Moguntinum
1114 1476 1283 1528 reliquis
1314 1477 1429 1516 libris
1461 1482 1686 1528 praestare.
1745 1478 1899 1518 Deinde
1928 1478 2059 1530 quivis
2084 1478 2196 1518 videt
2224 1478 2269 1518 Β.
2307 1484 2350 1519 et
2383 1479 2634 1518 recentiores
2674 1478 2763 1531 plu-

275 1550 391 1590 ribus
419 1548 522 1588 locis
551 1547 708 1588 lacunis
749 1558 844 1586 ease
879 1545 1128 1585 deformatos
1168 1544 1373 1599 plerisque
1412 1546 1469 1584 ita
1500 1546 1624 1594 ortis,
1667 1551 1729 1587 ιιι,
1750 1546 1909 1585 scribae
1938 1546 2152 1597 archetypi
2187 1551 2256 1585 aut
2292 1546 2538 1597 singulorum
2568 1545 2763 1593 codicum,

260 1617 451 1658 mraxime
471 1614 796 1666 Bambergensis,
824 1627 847 1653 a
876 1612 1002 1653 verbo
1021 1613 1169 1664 aliquo,
1200 1613 1237 1652 si
1265 1613 1381 1652 brevi
1400 1614 1535 1665 spatio
1566 1613 1628 1653 bis
1659 1613 1835 1666 positum
1862 1618 1964 1662 erut,
1996 1613 2045 1653 nd
2071 1613 2278 1666 posterius
2298 1614 2534 1654 aberrarent
2552 1618 2634 1661 aut,
2664 1626 2765 1665 quae

278 1685 420 1738 legere
449 1696 528 1723 non
559 1686 743 1736 possent,
773 1682 1028 1728 omitterent,
1063 1681 1139 1720 sed
1169 1680 1268 1719 nihil
1299 1693 1322 1719 a
1351 1680 1541 1729 librariis,
1573 1681 1613 1719 id
1643 1681 1751 1732 quod
1780 1682 1820 1721 in
1849 1682 2146 1722 recentioribus
2175 1682 2332 1734 primae
2361 1686 2404 1722 et
2430 1682 2576 1722 tertiae
2602 1682 2765 1723 decadis
2796 1683 2805 1691 '

276 1753 486 1795 codicibus
513 1763 640 1803 saepe
676 1749 831 1809 sactum
859 1761 954 1790 esse
982 1748 1181 1796 videmus,
1212 1748 1262 1788 ad
1291 1749 1549 1788 occultandus
1578 1761 1648 1788 eas
1679 1754 1721 1788 et
1751 1749 2024 1790 obscurandae
2054 1762 2149 1789 esse
2177 1749 2371 1790 additum.
2430 1749 2610 1802 Denique
2637 1750 2678 1789 id
2707 1750 2764 1790 in-

275 1821 493 1873 telligitur,
533 1824 696 1872 praeter
721 1817 853 1858 locum
880 1814 952 1865 85,
981 1815 1024 1865 5,
1057 1816 1106 1855 1:
1143 1816 1329 1857 sinistra
1359 1816 1577 1858 sociorum
1604 1817 1793 1871 equitum
1818 1817 1923 1869 ala,
1961 1818 2031 1858 ubi
2060 1818 2248 1874 equitum
2282 1818 2414 1859 alIena
2443 1832 2561 1859 manu
2589 1819 2765 1859 additum

277 1896 355 1938 est,
386 1888 495 1941 quod
524 1887 838 1927 additamentum
870 1897 962 1925 cum
992 1888 1035 1925 et
1063 1883 1189 1924 editio
1219 1883 1332 1936 Μος.
1359 1883 1529 1934 babeat,
1557 1896 1688 1937 neque
1713 1885 1930 1938 quidquam
1963 1885 2212 1927 diversitatis
2248 1891 2317 1926 aut
2343 1887 2387 1927 in
2417 1887 2621 1940 excerptis
2649 1894 2717 1928 aut
2745 1901 2765 1927 a

275 1958 450 1999 Gelenio
477 1955 709 1996 adnotatum
732 1955 801 2002 ait,
829 1953 951 1993 etiam
982 1953 1023 1992 in
1053 1952 1112 1993 Μ.
1145 1952 1276 1993 fuisse
1304 1956 1347 1992 et
1375 1965 1426 1992 ex
1452 1953 1680 2005 antiquiore
1708 1954 1812 1995 libro
1840 1955 1881 1995 in
1905 1955 2121 2008 utriusque
2146 1955 2309 2009 generis
2337 1955 2521 1999 codicum
2548 1955 2767 2009 archetypa

276 2028 432 2068 illatum
455 2038 550 2066 esse
569 2023 747 2071 videtur,
777 2021 929 2062 nullum
955 2021 997 2061 in
1018 2021 1065 2061 Β.
1084 2026 1154 2061 aut
1170 2021 1469 2062 recentioribus
1488 2022 1817 2073 interpolationis
1832 2024 2047 2076 vestigium
2065 2028 2242 2072 exstare,
2269 2023 2385 2077 plura
2403 2029 2543 2063 contra
2562 2029 2604 2064 et
2630 2030 2769 2076 apertu

274 2096 316 2137 in
345 2095 459 2147 Mog.
485 2104 699 2146 apparere.
757 2089 858 2130 Nam
897 2089 1007 2141 quod
1045 2090 1086 2129 in
1123 2100 1174 2129 eo
1210 2089 1359 2141 legitur
1396 2087 1467 2138 85,
1490 2089 1534 2139 4,
1563 2087 1610 2128 8:
1646 2090 1764 2133 inter
1788 2095 1981 2146 pacatos
2013 2104 2148 2147 aqros
2173 2092 2266 2145 ipse
2296 2091 2528 2144 Madvigius
2555 2091 2770 2133 confltetur

277 2162 565 2216 interpolatum
594 2164 637 2200 et
663 2158 912 2210 reliquorum
939 2157 1031 2199 cdd.
1062 2156 1301 2197 lectionem:
1331 2157 1448 2198 inter
1472 2162 1665 2211 pacatos
1693 2171 1829 2199 veram
1863 2171 1969 2200 ease.
2028 2159 2140 2200 ldem
2168 2159 2425 2200 statuendum
2453 2163 2518 2199 est
2541 2158 2593 2199 de
2618 2157 2767 2206 vnto,

275 2230 360 2281 &8
384 2229 447 2271 ad
471 2225 804 2284 perturbandos
832 2225 1014 2274 animos,
1041 2236 1145 2277 quae
1157 2236 1233 2277 pro
1244 2224 1376 2266 vv.ad
1388 2237 1437 2278 p.
1466 2223 1831 2280 ordinesfflscc.)
1861 2228 1993 2280 posita
2021 2231 2136 2276 sunt,
2167 2231 2211 2268 et
2237 2226 2290 2267 de
2317 2239 2353 2269 c.
2366 2225 2408 2275 5,
2420 2225 2489 2276 14,
2517 2226 2588 2266 ubl
2612 2236 2704 2267 cum
2729 2227 2768 2267 iu

279 2298 506 2350 archetypo
537 2296 795 2335 obscuratum
823 2297 936 2333 esset
967 2290 1185 2334 Genucius
1212 2297 1256 2334 et
1287 2290 1355 2343 Q„
1383 2293 1536 2333 factum
1565 2298 1630 2333 est
1661 2292 1878 2348 Genucius
1906 2307 2049 2351 eques.
2104 2295 2196 2336 Non
2224 2295 2355 2354 minus
2385 2294 2427 2334 in
2454 2293 2513 2335 Μ.
2544 2293 2767 2335 deformata

278 2370 373 2409 sunt
402 2379 436 2406 c.
465 2365 508 2414 6,
536 2364 567 2403 Β
591 2366 788 2405 senatum
811 2359 938 2409 velle,
966 2363 1015 2401 ut
1040 2359 1081 2401 is
1107 2380 1158 2387 —
1190 2364 1448 2411 avocarent,
1477 2361 1624 2412 reliqui
1652 2362 1814 2402 codices
1839 2352 1979 2403 'veram
2007 2363 2114 2403 Livii
2142 2377 2302 2404 manum
2328 2351 2552 2411 servarunt,
2581 2362 2767 2415 idemque

276 2436 430 2476 factum
456 2437 522 2474 est
558 2431 630 2482 ³4,
657 2430 729 2479 48,
754 2429 795 2478 2,
823 2429 895 2470 ubl
923 2429 965 2469 in
997 2428 1056 2469 Μ.
1087 2428 1373 2482 interpolatum
1412 2428 1562 2481 legitur
1599 2441 1655 2470 ex
1684 2442 1769 2484 quo
1798 2453 1856 2463 —
1889 2430 2135 2473 red-uerat
2169 2432 2338 2486 copias.
2395 2430 2458 2470 Ex
2489 2430 2555 2470 bis
2582 2431 2626 2470 ni
2650 2429 2771 2470 fallor

278 2507 450 2557 apparet
468 2509 471 2511 “
487 2500 735 2552 Madvigium
783 2510 863 2537 nou
900 2501 1089 2537 accurste
1118 2501 1188 2537 aut
1226 2508 1324 2536 vere
1349 2495 1534 2537 codicum
1561 2497 1757 2538 rationem
1784 2500 2047 2552 exposuisse,
2075 2499 2184 2552 quod
2212 2499 2313 2539 nibil
2339 2499 2666 2538 commemoravit
2693 2499 2769 2539 nisi

278 2585 342 2619 ea,
370 2582 475 2623 quae
500 2573 616 2609 recte
640 2567 751 2607 inM.
781 2566 936 2618 scripta
968 2570 1075 2614 sunt,
1103 2569 1145 2605 et
1171 2565 1294 2605 huius
1324 2564 1420 2605 vitis
1451 2578 1498 2606 ac
1524 2565 1770 2618 reliquorum
1801 2567 1905 2607 bona
1934 2567 2171 2616 occultavit,
2201 2566 2653 2620 interpolationumque,
2684 2567 2769 2618 qui-

280 2641 355 2679 bus
377 2639 456 2679 alio
482 2630 587 2686 loco,
618 2634 899 2675 qumendatt.
927 2633 1061 2686 psum
1074 2646 1177 2685 seq.,
1208 2634 1270 2674 ed.
1286 2633 1374 2676 Liv.
1404 2634 1482 2675 vol.
1515 2634 1578 2684 ΙΙΙ,
1610 2635 1632 2673 1
1667 2648 1705 2688 p.
1737 2648 1788 2683 ιη,
1818 2635 1877 2675 Μ.
1904 2647 1982 2675 non
2010 2648 2181 2689 prorsus
2210 2634 2384 2675 liberum
2411 2634 2543 2674 fuisse
2572 2635 2771 2683 concedit,

280 2720 332 2748 eo
359 2707 474 2755 loco,
503 2705 557 2746 de
587 2716 667 2757 quo
696 2702 878 2756 agimus,
909 2702 1153 2743 mentionem
1184 2715 1261 2742 non
1289 2701 1404 2745 fecit.
1462 2703 1576 2754 Quae
1606 2716 1696 2743 cum
1726 2703 1765 2743 in
1786 2709 1866 2743 tam
1886 2704 2000 2743 brevi
2021 2704 2155 2756 spatio
2172 2703 2312 2756 plurea
2330 2703 2595 2748 inveniantur,
2622 2715 2771 2756 operae

281 2776 457 2828 pretium
490 2778 555 2814 est
583 2783 810 2825 quaerere,
856 2782 950 2810 num
981 2770 1102 2811 etiam
1140 2770 1230 2811 aliis
1259 2770 1358 2812 locis
1389 2770 1495 2812 liber
1523 2771 1896 2826 praestantissimus
1922 2772 2002 2814 bae
2032 2772 2122 2813 labe
2151 2771 2402 2812 deformatus
2430 2771 2505 2820 sit3
2532 2776 2652 2823 atque
2680 2786 2770 2812 cum

286 2845 436 2897 triplex
470 2842 726 2896 potissimum
761 2840 815 2881 sit
844 2839 1197 2893 interpolation-nn
1239 2852 1391 2893 genus,
1425 2839 1532 2891 quod
1570 2845 1639 2880 aut
1677 2841 1799 2881 verba
1837 2846 1879 2881 et
1904 2841 2104 2882 dictiones
2137 2840 2188 2882 ad
2218 2854 2281 2889 ea,
2309 2841 2453 2892 quibua
2484 2840 2660 2893 scriptor
2684 2842 2773 2894 ipse

287 2925 385 2953 usus
414 2917 515 2959 erat,
546 2912 597 2951 ab
624 2909 918 2962 interpretibus
949 2907 1084 2949 addita
1113 2908 1155 2949 in
1183 2909 1405 2949 orationem
1434 2908 1614 2949 immixta
1647 2914 1731 2958 aut,
1759 2922 1865 2961 quae
1894 2909 2113 2962 depravate
2142 2914 2271 2958 erant,
2303 2913 2454 2949 mutata
2479 2914 2588 2957 sunt,
2618 2914 2688 2951 aut
2715 2911 2772 2950 Ιιι-

285 2994 413 3022 cunae
439 2981 568 3020 literis
594 2979 783 3019 verbisve
811 2978 975 3018 mutatis
1006 2983 1075 3017 ant
1100 2976 1248 3017 additis
1275 2977 1498 3026 occultata,
1529 2982 1611 3025 aut,
1638 2989 1743 3028 quae
1773 2990 1796 3017 a
1826 2979 2032 3031 scriptore
2060 2991 2138 3019 non
2166 2978 2276 3019 dicta
2304 2982 2444 3025 eraut,
2469 2977 2640 3026 adiecta,
2671 2978 2772 3019 baec

284 3051 361 3090 tria
394 3061 544 3103 genera
575 3048 771 3101 deinceps
800 3046 993 3102 persequi
1022 3046 1062 3085 in
1092 3046 1226 3086 animo
1256 3050 1321 3086 est
1349 3050 1392 3086 et
1421 3046 1650 3100 explorare,
1679 3059 1772 3086 num
1802 3047 1899 3100 quid
1930 3046 1995 3088 bis
2021 3046 2152 3089 modis
2180 3047 2222 3088 in
2250 3045 2308 3088 Μ.
2338 3051 2549 3099 peccatum
2580 3047 2645 3086 sit.

454 3117 510 3158 Ει
537 3117 710 3169 primum
737 3115 901 3166 quidem
927 3127 1006 3154 non
1035 3113 1183 3154 desunt
1215 3114 1319 3163 loci,
1358 3116 1503 3167 quibua
1532 3115 1637 3154 Livii
1668 3115 1802 3155 verbis
1844 3116 1951 3170 aptis
1978 3128 2054 3156 nec
2082 3128 2105 3156 a
2130 3115 2267 3157 scriba
2297 3114 2500 3167 corruptis
2528 3114 2629 3163 alia,
2672 3128 2773 3168 quae

430 3241 463 3281 1)
500 3239 639 3280 Dubito,
665 3248 710 3272 an
733 3237 784 3271 his
811 3238 896 3274 locis
923 3237 1142 3272 adnumerem
1170 3235 1228 3280 35,
1250 3238 1287 3282 2,
1311 3236 1334 3273 7
1359 3249 1435 3283 sq.3
1460 3239 1582 3273 mirum
1608 3239 1698 3272 enim
1725 3245 1831 3278 esset,
1856 3240 1886 3272 si
1910 3238 2035 3272 librarii
2061 3249 2128 3273 non
2154 3251 2216 3273 av.
2243 3238 2581 3277 extraordinarios,
2607 3242 2645 3270 ιιι
2669 3247 2774 3282 saepe

285 3300 412 3332 sactum
448 3308 527 3330 esse
553 3295 712 3330 videmus
750 3297 785 3328 in
814 3296 934 3329 eodem
958 3295 1127 3329 vocabulo
1154 3296 1322 3338 repetito,
1349 3296 1390 3329 nd
1416 3297 1740 3332 extraordinarii,
1785 3295 1847 3330 sed
1872 3307 1892 3330 a
1917 3307 1969 3331 vv.
1996 3298 2110 3330 emera
2134 3297 2291 3330 ltaliam
2315 3294 2549 3332 aberrassent,
2586 3298 2621 3328 et
2646 3297 2775 3329 rectius

285 3365 386 3399 quum
411 3355 445 3387 in
471 3353 516 3389 M.
544 3357 628 3393 erat,
652 3363 685 3386 v.
713 3353 926 3396 leyen-entur
952 3353 1081 3395 scripto
1106 3357 1222 3395 aptam
1247 3354 1452 3385 sententiam
1479 3352 1700 3397 effecissent,
1730 3358 1765 3387 et
1790 3353 1944 3398 offendit,
1969 3353 2062 3396 quod
2085 3352 2193 3388 relato
2216 3355 2282 3387 iam
2310 3356 2450 3386 senatus
2478 3350 2647 3395 consulto,
2672 3353 2773 3387 etiam

287 3421 376 3455 quae
400 3420 498 3444 mens
525 3415 667 3444 senatus
692 3408 815 3451 fuerit,
839 3409 997 3450 additur,
1022 3419 1092 3443 non
1115 3415 1165 3453 ut,
1190 3408 1224 3442 id
1248 3410 1341 3453 quod
1366 3416 1606 3453 exprectatur,
1641 3421 1681 3444 ex
1713 3410 1820 3444 ultera
1855 3416 1951 3453 parte
1976 3416 2145 3454 ponatur,
2170 3410 2251 3455 quid
2272 3409 2456 3443 Flaminius
2482 3413 2600 3441 contra
2626 3415 2774 3442 mentem

289 3475 429 3502 senatus
457 3468 591 3508 fecerit,
614 3467 676 3501 sed
701 3467 782 3511 quid
811 3468 964 3501 Valerius
990 3468 1110 3501 Antias
1136 3477 1211 3500 eum
1238 3466 1365 3500 fecisse
1391 3473 1448 3500 aut
1475 3477 1555 3501 vere
1581 3467 1761 3502 tradiderit
1786 3473 1843 3502 sut
1867 3468 2008 3502 finxerit.
