3043 3899
1474 204 1530 256 11

250 345 382 400 facti,
410 343 561 401 reliqui
586 347 680 388 libri
709 347 927 390 excludunt
949 359 989 393 v.
1022 347 1239 402 Romani,
1278 354 1323 392 et
1349 350 1645 393 excludendum
1674 364 1768 393 esse
1795 351 1975 393 editores
2004 349 2298 397 existi-arunt,
2320 361 2396 390 uec
2421 348 2665 402 Madvigius,
2691 359 2730 388 v.

254 413 462 469 practlx,
491 423 614 470 negat
636 418 760 458 facile
783 416 879 458 addi
906 418 1106 472 potuisse,
1133 418 1258 472 idque
1284 420 1439 460 factum
1464 431 1559 461 esse
1586 433 1639 461 eo
1666 425 1732 461 est
1760 421 2022 474 probabilius,
2052 419 2161 472 quod
2191 431 2282 460 cum
2311 416 2340 471 S
2364 416 2396 458 ὖ
2420 416 2514 460 lsai
2540 415 2732 459 Rom-i

254 486 557 525 commorati
590 487 693 535 siut,
731 484 827 525 inde
861 485 903 525 in
930 493 1112 526 nostrum
1149 486 1282 526 locum
1317 488 1427 528 illam
1466 501 1606 529 vocem
1640 489 1865 529 transferre
1903 489 2083 542 proclive
2108 493 2209 528 erat.
2264 487 2403 538 Quare
2429 485 2588 531 dabito.
2632 497 2728 525 1-

252 549 390 592 Livius
419 552 500 593 boc
527 566 609 593 uno
637 553 728 593 loco
754 566 778 593 a
810 554 1009 593 con-nuti
1037 559 1083 594 et
1110 566 1186 594 suo
1217 561 1260 594 et
1288 556 1458 596 aliorum
1485 570 1562 598 usu
1587 558 1816 606 decedens,
1851 558 1893 597 id
1922 557 2030 609 quod
2058 557 2140 597 diei
2166 560 2330 609 poterat
2378 553 2452 593 sed
2492 554 2728 605 plerunque

251 630 329 660 noa
356 618 589 670 dicebatur,
626 621 839 676 scripserit
867 622 1025 676 potius,
1054 634 1159 675 quae
1195 622 1274 664 Tb.
1306 623 1560 666 Mommsenii
1597 627 1799 667 sententia
1828 630 1906 674 est,
1934 638 1971 664 v.
2003 624 2110 666 Mus.
2139 624 2272 666 Rhea.
2302 621 2409 671 XlV,
2439 620 2511 670 87,
2540 633 2658 672 qua-
2685 634 2724 661 v.

253 684 445 730 Romani
473 688 524 729 ad
552 689 689 731 votivi
727 689 973 743 adscriptum
1017 690 1067 730 ab
1095 690 1319 744 interprete
1355 692 1503 732 deinde
1539 707 1630 734 cum
1667 707 1718 734 eo
1747 695 2003 734 cuniunctum
2031 694 2097 733 sit.
2154 693 2295 733 Simile
2326 692 2728 742 interpretamentu-

251 766 288 797 c.
317 754 388 805 47,
418 748 462 796 θ’
475 757 515 797 in
545 757 769 810 archetypo
793 757 874 798 fuit
902 757 1102 808 additum,
1137 759 1211 799 sed
1239 764 1285 800 ut
1310 772 1348 801 c.
1380 760 1448 809 11,
1475 760 1504 800 2
1531 761 1572 801 in
1599 761 1768 801 alterum
1802 766 1936 801 utrum
1965 765 2116 800 tautum
2145 772 2272 812 genus
2301 759 2489 801 codicum
2518 761 2728 809 recepta-

250 823 292 862 in
321 823 450 864 altero
482 837 579 865 vera
607 826 733 866 lectio
761 830 920 867 servata
945 832 1031 876 est;
1066 828 1105 868 in
1132 827 1191 869 Μ.
1222 828 1328 868 enim
1355 828 1526 882 legitur:
1561 841 1677 884 pars
1705 828 1958 870 certaminis
1982 826 2130 869 studio
2158 831 2201 868 et
2228 839 2307 882 spe
2329 822 2541 882 potiundi
2566 824 2726 866 castris

211 934 213 937 .
249 890 431 935 hostium
465 894 592 936 circa
623 895 785 937 vallum
817 901 992 938 morata
1028 901 1114 948 est,
1151 898 1299 950 reliqui
1335 898 1471 950 priora
1508 898 1652 937 eodem
1683 897 1802 937 modo
1840 898 1996 951 scripta
2023 897 2193 946 babent,
2232 895 2305 935 sed
2347 895 2507 935 ultima=
2546 892 2728 935 hostium

248 962 447 1014 perstitit
474 961 537 1004 ad
563 963 745 1012 vallum3
774 970 896 1017 atque
923 979 1013 1006 cum
1030 964 1235 1008 morandi
1260 967 1371 1006 notio
1404 966 1453 1006 ad
1482 966 1658 1006 studium
1688 966 1872 1019 potiundi
1901 965 2048 1006 castris
2073 964 2203 1004 minus
2229 965 2451 1013 conveniat,
2481 974 2615 1014 neque
2632 973 2729 1014 pro-

253 1027 385 1068 babile
413 1031 481 1080 sit,
505 1030 660 1071 Livium
690 1032 731 1071 id
755 1033 907 1082 dicere,
936 1034 1085 1074 milites
1115 1034 1212 1074 nihil
1233 1034 1444 1074 molientes
1471 1046 1597 1086 seque
1625 1046 1703 1073 nou
1723 1038 1929 1073 moventes
1958 1032 2009 1073 ad
2025 1032 2172 1073 vallum
2190 1032 2448 1080 remansisse,
2475 1044 2500 1071 a
2517 1029 2728 1084 pleri-qne

251 1098 373 1137 etiam
403 1112 425 1138 a
454 1098 628 1139 Geleuio
657 1105 699 1139 et
727 1101 1054 1142 Drakenborchio
1083 1102 1358 1155 Moguntinam
1389 1102 1631 1154 scripturam
1651 1102 1842 1141 reiectam
1871 1113 1964 1141 esse
1993 1100 2199 1147 videmus;
2238 1100 2346 1139 solus
2374 1099 2603 1152 Madvigius
2638 1097 2730 1138 eius

249 1167 529 1206 auctoritatem
559 1173 724 1207 secutus
753 1175 837 1218 est,
872 1182 1004 1221 neque
1033 1175 1173 1209 umen*
1197 1171 1353 1223 potuit,
1379 1171 1473 1222 quin
1505 1182 1541 1210 c.
1565 1169 1636 1219 48,
1660 1169 1688 1209 2
1717 1182 1773 1211 ex
1801 1181 1885 1225 qno
1918 1181 1994 1222 pro
2023 1181 2109 1225 quo
2140 1182 2164 1208 a
2191 1174 2423 1209 correctore
2449 1168 2661 1222 scriptum,
2682 1173 2728 1208 et

249 1233 314 1287 §5
330 1239 645 1292 praeterquam
666 1249 759 1278 cum
774 1250 849 1291 pro
864 1241 1111 1293 praeterea
1133 1250 1260 1294 quum
1283 1239 1505 1291 probaret·
1525 1238 1657 1278 Etiam
1679 1237 1853 1286 c.49,4:
1882 1236 2323 1278 commemorationem
2339 1234 2523 1279 subiecit
2544 1235 2656 1277 inM.
2675 1235 2728 1277 ab

253 1303 477 1356 interprete
516 1305 671 1345 illatum
711 1312 776 1347 est
811 1319 889 1360 pro
916 1307 1307 1349 commemorationi
1339 1306 1544 1361 subiecit,
1575 1311 1617 1347 et
1641 1318 1678 1346 c.
1703 1306 1773 1356 51,
1799 1306 1827 1346 2
1855 1305 2144 1353 commonitos,
2172 1318 2195 1344 a
2225 1305 2421 1345 Cicerone
2457 1318 2533 1346 non
2561 1319 2585 1346 a
2608 1305 2728 1346 Livio

250 1379 512 1424 usurpatum,
548 1387 631 1425 pro
654 1374 921 1426 admonitos,
968 1377 1200 1428 pariterque
1234 1388 1269 1415 c.
1297 1376 1367 1425 54,
1404 1377 1434 1415 4
1466 1374 1738 1417 censentibus
1765 1376 1900 1428 potius
1929 1388 2046 1426 quam
2075 1373 2422 1416 existimantibus
2449 1376 2509 1425 (Β.
2535 1377 2636 1425 rec.)
2673 1374 2724 1415 ad

254 1440 362 1493 vulgi
390 1441 600 1494 opiniones
629 1442 912 1494 significandas
943 1456 1037 1483 esse
1067 1450 1204 1496 aptum
1234 1445 1472 1496 putaverim.
1531 1445 1604 1493 Et,
1634 1444 1670 1483 si
1696 1444 1891 1483 incertum
1918 1448 1997 1491 est,
2027 1446 2161 1481 utrum
2191 1441 2305 1491 eoo,
2326 1443 2348 1481 1
2378 1443 2415 1483 is
2443 1444 2481 1482 in
2512 1443 2568 1483 M.
2595 1443 2725 1483 aliena

249 1523 366 1548 mann
395 1510 573 1549 additum
604 1524 651 1549 an
689 1512 727 1550 in
757 1512 925 1564 reliquis
959 1511 1174 1560 omissum,
1214 1513 1268 1552 ib.
1299 1509 1326 1563 §
1352 1512 1381 1551 8
1408 1509 1464 1553 εἶτ
1496 1512 1766 1553 auctoritate
1787 1515 1966 1565 patrum
1995 1510 2092 1559 (Μ.)
2123 1522 2173 1549 au
2202 1522 2258 1551 ex
2278 1522 2319 1551 a.
2349 1515 2522 1552 senatus
2549 1512 2613 1559 (B.
2641 1511 2725 1561 ru.)

251 1578 560 1629 praeferendum
590 1579 666 1626 sit,
693 1594 770 1619 non
802 1586 939 1630 potest
963 1580 1127 1619 dubium
1157 1594 1265 1628 esse,
1295 1581 1391 1631 quin
1422 1580 1527 1618 Livii
1555 1594 1694 1618 manus
1720 1581 1930 1618 obliterata
1955 1580 2011 1617 sit
2037 1580 2079 1616 in
2106 1578 2165 1616 M.
2195 1592 2232 1616 c.
2255 1578 2326 1625 56,
2350 1578 2380 1616 5
2405 1580 2535 1619 sociis
2561 1585 2603 1619 et
2632 1578 2724 1619 La·

248 1646 332 1687 tini
360 1646 543 1687 nominis
572 1652 615 1686 et
643 1661 677 1687 c.
691 1646 761 1694 58,
791 1647 838 1687 9:
876 1646 1072 1689 liberare
1104 1648 1238 1698 velle,
1273 1662 1349 1700 pro
1388 1650 1534 1699 quibus
1574 1650 1654 1687 hoc
1691 1648 1782 1687 loco
1810 1649 1955 1697 reliqui
1984 1645 2152 1687 liberas
2182 1659 2247 1695 c„
2284 1647 2354 1685 illo
2378 1659 2466 1686 soc.
2490 1652 2532 1687 et
2566 1646 2724 1687 Latino

247 1713 410 1754 nomini
434 1714 637 1754 exhibent.
667 1715 779 1765 Quae
795 1727 885 1755 cum
912 1715 1032 1755 etiam
1044 1714 1273 1768 Madvigius
1290 1716 1532 1769 recepisset,
1561 1715 1823 1755 vehementer
1850 1714 2034 1766 increpat
2062 1725 2150 1762 eos,
2180 1712 2249 1765 qui
2276 1712 2397 1766 paulo
2414 1719 2508 1766 post
2534 1713 2648 1764 (3.58,
2669 1713 2724 1754 12

250 1782 424 1820 Bekkeri
453 1782 643 1822 iudicium
680 1784 811 1823 secuti
850 1795 874 1823 e
898 1784 929 1823 B
957 1780 1038 1824 rcc.
1072 1782 1272 1826 Graecas
1299 1783 1437 1825 Asiae
1474 1782 1605 1825 urbes
1634 1784 1808 1836 probare
1835 1782 2077 1831 maluerunt,
2107 1793 2226 1833 quam
2256 1793 2307 1821 ex
2335 1780 2393 1821 M.
2421 1780 2557 1824 Asiae
2581 1781 2726 1834 urbes,

247 1863 362 1905 quae
394 1849 525 1890 Graii
550 1851 736 1890 nominis
763 1851 864 1892 sint.
920 1853 1167 1902 Quamquam
1196 1852 1391 1893 vocabulo
1423 1850 1590 1893 Graius
1616 1865 1709 1891 cum
1732 1851 1839 1890 alios
1867 1851 2091 1903 scriptores
2117 1856 2201 1889 tum
2223 1849 2457 1890 Ciceronem
2490 1863 2601 1890 usum
2631 1864 2726 1891 esse

249 1923 423 1966 constat,
450 1918 491 1956 id
521 1918 627 1968 quod
658 1923 822 1970 praeter
859 1918 947 1957 loca
976 1919 1016 1957 in
1046 1919 1188 1958 lexicis
1219 1919 1414 1958 allata·ea
1443 1931 1601 1970 qnoque
1629 1920 1823 1970 probant,
1853 1931 1957 1969 quae
1982 1922 2025 1957 et
2057 1931 2081 1957 a
2104 1917 2312 1968 Madvigio
2339 1922 2381 1956 et
2410 1917 2524 1969 plura
2553 1919 2671 1957 etiam
2702 1932 2724 1958 a

248 1984 500 2039 Nipperdeio
530 1985 569 2025 in
598 1984 737 2024 Musei
762 1985 892 2025 Rhen.
922 1998 958 2028 v,-
987 1984 1093 2035 xlx,
1123 1985 1208 2026 279
1236 1998 1296 2039 sq.
1327 1986 1498 2027 collecta
1529 1990 1636 2036 suut,
1666 1985 1805 2027 Livius
1835 1991 1983 2034 tamen,
2017 1985 2197 2037 quamvis
2222 1984 2425 2025 sexcentis
2453 1984 2550 2025 locis
2582 1983 2722 2029 Grae-

247 2067 325 2096 cos
353 2054 548 2103 dixisset,
578 2055 629 2093 ne
668 2067 746 2094 uno
784 2055 948 2108 quidem
977 2055 1067 2095 loco
1100 2056 1284 2105 admisit,
1325 2056 1403 2095 nisi
1431 2056 1531 2105 hoc,
1584 2056 1637 2095 de
1676 2068 1756 2108 quo
1785 2055 1941 2108 agitur,
1968 2069 1990 2094 a
2024 2054 2315 2095 consuetudine
2343 2066 2416 2094 sua
2441 2054 2622 2094 descivit.
2683 2055 2724 2096 ld

249 2133 383 2163 autem
411 2122 566 2162 factum
596 2136 690 2161 esse
714 2128 760 2161 ut
788 2123 1033 2162 credendum
1062 2129 1188 2172 esset,
1219 2125 1255 2162 si
1280 2136 1418 2163 omnes
1448 2126 1557 2162 inter
1584 2137 1631 2163 se
1660 2125 1753 2163 libri
1790 2125 2079 2172 consentirent,
2109 2124 2165 2163 ita
2189 2124 2255 2162 vix
2287 2122 2584 2162 concedendum
2612 2124 2727 2164 vide—

249 2199 337 2239 tur,
377 2190 484 2243 quod
521 2191 561 2230 in
602 2205 682 2230 uno
716 2191 859 2231 codice
895 2197 1029 2231 exstat
1057 2205 1213 2242 eoque,
1258 2199 1305 2231 ut
1330 2199 1522 2243 apparet,
1560 2194 1668 2231 haud
1697 2205 1791 2231 raro
1819 2193 2089 2243 interpolato,
2126 2198 2169 2229 et
2204 2204 2254 2229 ex
2281 2203 2360 2241 quo
2385 2192 2503 2229 modo
2527 2191 2727 2234 liberare

250 2258 380 2312 recipi
409 2270 487 2298 non
505 2258 698 2312 potuerit,
720 2249 953 2311 inreliquis
983 2263 1115 2299 antem
1145 2259 1331 2300 omnibus
1361 2272 1409 2301 ea
1433 2260 1564 2302 forma
1590 2261 1752 2314 legitur,
1784 2272 1888 2313 quae
1905 2259 2022 2300 Livio
2050 2264 2113 2300 est
2138 2258 2417 2307 usitatissima;
2442 2270 2572 2310 neque
2591 2259 2727 2307 video,

250 2340 329 2379 quo
356 2327 476 2367 modo
503 2327 547 2375 ii,
577 2327 646 2378 qui
675 2340 790 2366 usum
814 2327 1026 2379 scriptoris
1056 2327 1320 2379 spectandum
1350 2334 1393 2368 et
1424 2329 1663 2369 servandum
1693 2328 1944 2382 praedicant,
1974 2332 2020 2367 ut
2037 2340 2073 2368 c.
2093 2327 2136 2378 ι’),
2153 2326 2183 2366 3
2209 2338 2423 2368 necessum
2451 2330 2529 2377 est,
2556 2339 2593 2367 c.
2610 2327 2683 2378 51,
2701 2330 2729 2370 2

251 2396 528 2437 commonitos
557 2396 645 2443 all.,
688 2409 791 2447 quae
820 2397 869 2435 ab
899 2409 949 2435 eo
982 2397 1220 2444 abhorrent,
1250 2397 1445 2447 reiciant,
1472 2398 1551 2437 hoc
1582 2399 1672 2438 loco
1698 2403 1745 2437 nt
1769 2398 1838 2436 uni
1875 2398 1979 2437 libro
2010 2397 2114 2435 fides
2150 2397 2345 2436 habeatnr
2381 2395 2497 2434 aliam
2528 2397 2728 2439 rationem

252 2470 471 2516 sequentes
510 2465 589 2503 sibi
623 2465 781 2515 possint
819 2471 1018 2504 constare.
1076 2464 1138 2503 Ad
1168 2465 1247 2504 hoc
1283 2465 1460 2512 accedit,
1497 2467 1602 2517 quod
1632 2466 1771 2505 Livius
1802 2467 1891 2505 aliis
1922 2466 2022 2504 locis
2047 2466 2103 2503 ita
2131 2465 2286 2503 locutus
2316 2468 2403 2510 est,
2435 2469 2479 2502 ut
2504 2476 2543 2503 n.
2575 2465 2602 2503 l.
2629 2466 2663 2504 B
2689 2473 2730 2506 et

248 2547 331 2575 rcc.
359 2534 448 2573 eius
478 2532 698 2572 orationem
730 2533 947 2581 exhibent,
994 2532 1048 2573 cf.
1073 2530 1144 2581 33,
1166 2531 1237 2582 34,
1266 2531 1317 2575 3:
1366 2533 1412 2575 in
1439 2532 1647 2575 libertate
1674 2548 1769 2576 esse
1799 2532 1961 2575 debere
1990 2545 2131 2573 omnes
2157 2530 2313 2587 ubique
2343 2529 2543 2573 Graecas
2569 2533 2731 2582 arbes,-

255 2603 308 2642 ib.
337 2599 408 2651 33,
445 2600 474 2642 7
513 2613 656 2643 onmes
696 2599 921 2643 Graeciae
957 2604 1089 2656 atque
1119 2599 1257 2642 Asiae
1290 2599 1446 2648 urbes3
1484 2598 1555 2650 37,
1584 2599 1655 2650 35,
1685 2600 1736 2650 3;
1772 2603 1826 2642 ib.
1855 2600 1924 2648 54,
1962 2599 2017 2641 20
2049 2601 2113 2640 all.
2170 2599 2350 2650 Denique
2389 2596 2461 2648 33,
2485 2598 2557 2649 20,
2589 2600 2612 2642 1
2640 2615 2732 2657 pro

250 2670 455 2711 universo
482 2668 651 2709 nomine
679 2666 949 2710 Graecorum
977 2668 1117 2709 Livius
1144 2669 1333 2721 scripsit,
1365 2674 1406 2709 et
1435 2669 1541 2709 haud
1567 2683 1660 2710 raro
1686 2670 1934 2725 principes,
1961 2667 2164 2724 populos,
2188 2666 2429 2718 consilium,
2460 2669 2730 2712 maiestatem

248 2738 431 2778 nominis
459 2734 613 2776 Latini
648 2741 725 2777 aut
761 2735 907 2778 Volsci
932 2741 1008 2778 ant
1036 2735 1249 2788 Romani,
1284 2750 1319 2777 v,
1353 2736 1391 2787 l,
1422 2736 1492 2788 49,
1522 2736 1571 2787 9;
1598 2739 1653 2778 ib.
1681 2736 1752 2785 52,
1782 2736 1832 2785 4;
1860 2739 1901 2785 2,
1931 2734 2001 2783 35,
2028 2735 2077 2782 73
2106 2735 2159 2775 ib.
2185 2732 2255 2782 38,
2281 2732 2329 2782 63
2354 2734 2396 2783 7,
2426 2733 2496 2784 28,
2527 2734 2577 2785 2;
2613 2736 2658 2787 8,
2688 2738 2730 2786 4,

250 2806 328 2854 12;
349 2803 419 2854 33,
441 2802 510 2853 31,
526 2801 555 2844 8
570 2804 649 2853 all.,
679 2816 872 2858 nusquam
888 2810 1037 2854 autem,
1068 2805 1174 2858 quod
1190 2807 1366 2857 memini,
1395 2805 1705 2849 urbemLatini
1719 2806 1926 2852 nominis‚·
1957 2810 1998 2845 et
2022 2802 2090 2852 37,
2111 2801 2182 2852 54,
2203 2800 2256 2844 18
2276 2803 2341 2843 all.
2374 2801 2577 2847 Graecas
2602 2804 2733 2848 urbes

249 2876 362 2915 dixit.
395 2879 437 2911 et
466 2874 717 2926 posteriores
745 2875 969 2926 scriptores
1001 2872 1167 2914 Graias
1192 2873 1338 2925 urbes,
1368 2886 1405 2914 v.
1435 2875 1575 2927 Pomp.
1606 2875 1690 2914 Mel
1734 2875 1772 2921 1,
1810 2873 1876 2921 19,
1908 2874 1952 2918 l;
1977 2872 2017 2919 2,
2045 2871 2085 2919 4,
2117 2871 2158 2918 Ἰ,
2192 2871 2265 2909 sed
2310 2872 2350 2910 in
2384 2883 2529 2924 magno
2565 2886 2732 2914 numero

250 2945 428 2982 locorum
458 2955 481 2980 a
511 2941 761 2993 Nipperdeio
791 2942 1052 2982 collectorum
1080 2941 1231 2983 urbem
1262 2941 1394 2983 Graii
1419 2943 1604 2984 nominis
1632 2955 1708 2982 non
1738 2942 1881 2980 inveni.

419 3011 480 3051 De
508 3010 607 3050 locis
635 3011 887 3063 interpolatis
919 3010 1087 3061 XXXV,
1117 3011 1159 3060 2,
1188 3011 1238 3059 83
1267 3011 1308 3058 4,
1337 3009 1388 3059 ὃς
1411 3010 1452 3059 5,
1482 3011 1532 3058 83
1556 3011 1598 3059 6,
1630 3012 1659 3051 9
1689 3025 1811 3064 supra
1841 3008 2028 3062 exposui,
2067 3008 2213 3059 quibus
2244 3021 2323 3048 non
2352 3009 2515 3058 dubito,
2559 3013 2652 3062 quin
2684 3026 2732 3052 ea

248 3093 351 3132 quae
382 3093 417 3120 c.
442 3078 485 3126 8,
515 3078 545 3118 7
573 3078 611 3119 in
646 3078 704 3119 Μ.
734 3079 789 3119 ita
821 3078 1059 3132 legebantur
1086 3092 1202 3121 nnnc
1237 3078 1385 3121 videri
1417 3093 1509 3122 esse
1547 3085 1730 3122 amotum
1768 3079 1823 3136 de
1860 3077 2103 3127 industria,
2130 3089 2188 3119 ne
2228 3091 2299 3129 ea,
2328 3091 2442 3133 quae
2465 3081 2731 3134 scripsisset,

245 3160 462 3202 praesens
490 3146 662 3190 diceret
691 3151 769 3189 ant
797 3152 1004 3203 aryneret
1036 3161 1212 3200 coram,
1250 3152 1294 3190 et
1322 3148 1362 3190 si
1387 3148 1496 3204 qnid
1533 3149 1638 3191 vani
1665 3147 1854 3203 afferret
1883 3144 2013 3200 arqui
2040 3149 2192 3199 posset
2219 3146 2405 3187 addenda
2433 3148 2526 3189 sint.
2582 3149 2732 3200 Quam-

249 3230 368 3269 quam
397 3217 503 3258 enim
532 3216 687 3269 priora:
713 3215 861 3259 videri
887 3229 981 3259 esse
1010 3221 1191 3259 amotum
1222 3216 1416 3258 Gelenius
1446 3219 1674 3258 correxisse
1708 3216 1839 3270 potius
1865 3227 1983 3267 quam
2011 3214 2054 3255 in
2082 3214 2142 3255 M.
2169 3215 2321 3269 legisse
2347 3216 2523 3266 videtur,
2553 3217 2661 3270 quod
2693 3219 2731 3259 in

251 3285 316 3324 ed.
333 3285 444 3338 Mog.
471 3284 626 3328 videre
653 3298 746 3327 sese
776 3289 959 3327 amotum
986 3275 1135 3339 legitur
1163 3286 1386 3339 eademque
1413 3287 1534 3326 verba
1563 3287 1603 3326 in
1633 3285 1721 3325 rell.
1747 3283 1954 3324 codicibus
1985 3283 2206 3336 depravata
2224 3288 2342 3333 sunt3
2371 3284 2423 3324 de
2449 3287 2731 3337 sequentibus:

249 3365 303 3393 ne
330 3366 387 3394 ea
410 3359 515 3403 etc.,
547 3358 624 3395 aut
655 3358 860 3409 aryueret
890 3366 1041 3396 coram
1079 3359 1199 3407 atque
1234 3359 1278 3397 et
1316 3356 1356 3397 si
1381 3353 1487 3411 quid
1523 3354 1629 3396 vani
1662 3367 1703 3394 a.
1734 3352 1863 3407 arqui
1894 3365 1943 3406 p.
1980 3352 2157 3392 dubitari
2187 3366 2266 3393 uon
2296 3359 2454 3406 potest,
2480 3355 2577 3405 quin
2604 3356 2643 3393 iu
2671 3354 2729 3393 M.

251 3423 481 3474 perscripta
509 3423 682 3471 fuerint3
717 3436 765 3462 ea
795 3427 928 3463 autem
958 3436 1049 3462 cum
1076 3423 1176 3463 ferri
1214 3436 1292 3464 non
1327 3431 1508 3477 possent,
1540 3422 1705 3461 Crevier
1744 3421 1956 3474 legendum
1985 3434 2080 3461 esse
2113 3423 2292 3462 censuit:
2317 3435 2532 3477 praesens
2559 3421 2728 3463 diceret

250 3496 292 3530 et
322 3494 398 3529 aut
427 3496 637 3544 aryaeret
663 3514 717 3520 —-
748 3495 839 3539 aut,
868 3491 907 3532 si
935 3490 1042 3546 quid
1067 3497 1159 3540 etc.,
1192 3505 1365 3545 eumque
1394 3491 1618 3542 Madvigius
1645 3496 1810 3530 secutus
1839 3497 1911 3529 est.
1978 3491 2028 3530 At
2055 3491 2088 3529 si
2120 3492 2199 3531 hoc
2225 3491 2344 3530 modo
2372 3490 2508 3528 Livius
2540 3491 2725 3543 scripsis-
