3043 3899
1468 146 1528 199 10

250 296 423 335 tractata
451 291 682 333 revocanda
711 305 805 334 esse
838 298 882 335 et
909 294 966 335 ita
990 293 1227 353 explicanda
1256 293 1412 342 statuit,
1442 300 1489 334 ut
1516 295 1613 346 fuga
1640 293 1764 333 infida
1791 300 1919 343 easet,
1948 307 2053 347 quae
2081 307 2197 348 apem
2226 296 2368 336 salutis
2397 295 2571 335 falleret.
2609 293 2736 334 Cuius

249 374 347 403 usas
380 373 475 401 oum
501 359 655 400 nuum
684 361 915 414 exemplum
944 362 1145 410 attulerit,
1174 365 1219 402 et
1244 360 1348 402 Livii
1374 362 1649 418 consuetudo,
1681 373 1761 414 qua
1788 361 1959 411 foedus,
1997 374 2164 415 paoem,
2203 362 2443 405 societatem
2471 362 2595 404 infida
2622 362 2737 410 dicit,

249 443 418 484 quoram
452 428 560 470 flde-
587 441 667 470 non
695 435 893 477 servatur,
922 421 960 470 θ.
988 429 1031 478 Ί,
1059 429 1129 478 42,
1154 428 1207 477 ὃς
1233 429 1276 480 8,
1306 430 1376 479 22,
1405 430 1432 470 7
1462 423 1543 481 sih,
1568 436 1783 484 repugnet,
1814 443 1866 471 ne
1895 442 2000 471 nune
2026 430 2190 483 quidem
2215 430 2372 481 dubito,
2394 434 2497 485 ‘quin
2524 444 2564 472 v.
2583 428 2737 485 iulide,

252 500 289 540 si
317 498 439 538 modo
469 511 494 538 a
513 498 685 537 Geienio
711 497 837 537 exM.
866 502 909 536 et
930 509 1009 537 uon
1039 509 1090 538 ex
1119 498 1248 538 altero
1274 498 1378 538 libro
1405 498 1566 539 aliatum
1597 505 1675 549 est,
1705 499 1755 538 ad
1784 498 1969 555 trepida
1997 498 2245 552 adscriptum
2282 499 2433 540 deinde
2471 501 2579 541 inter
2615 497 2739 538 verba

250 566 359 608 Livii
386 571 599 620 receptum
634 565 708 614 sit,
737 570 785 627 *nt
813 563 893 616 88,
924 565 1002 613 29,
1035 565 1064 604 8
1091 565 1244 606 factum
1274 572 1358 614 eat3
1396 567 1519 607 facile
1555 575 1688 607 autem
1719 569 1948 607 carebimus
1978 567 2134 609 timida
2159 571 2205 609 'et
2230 566 2414 622 trepida
2438 567 2573 625 fuya,
2617 578 2735 620 quam

250 648 383 689 nuper
409 635 571 687 quidam
603 632 756 673 inferre
783 631 923 681 voluit,
950 645 1083 686 neque
1112 646 1211 674 vero
1242 634 1398 675 Livium
1424 636 1481 676 ita
1505 635 1683 676 locutum
1709 648 1806 675 esse
1831 638 2030 689 probavit.
2088 632 2324 677 Ex'eodem
2350 650 2503 689 genere
2528 637 2611 678 duo
2638 636 2738 677 aiios

250 705 367 746 locos
398 717 493 744 ease
517 707 630 755 puto,
657 714 827 752 quorum
857 700 962 742 aiter
989 699 1062 753 34,
1089 699 1161 751 34,
1192 701 1219 743 2
1247 703 1304 744 ita
1332 704 1372 743 in
1401 704 1458 744 Μ.
1484 705 1661 756 scriptus
1689 717 1784 743 esse
1816 705 2010 743 traditur-2
2048 703 2156 745 bene
2192 708 2338 745 uertat
2367 704 2534 759 inquit,
2564 701 2740 760 quando

250 772 321 814 ita
349 772 502 827 placet
528 767 801 811 obsidemus
827 765 1202 811 Lacedaemonem
1231 770 1344 813 illud
1373 770 1500 813 modo
1526 785 1582 813 ne
1606 770 1748 826 fallat
1775 775 1982 821 ceterum,
2009 772 2051 811 in
2080 772 2134 811 B:
2162 770 2203 812 b.
2229 784 2271 812 υ.
2297 772 2441 826 inquit
2468 771 2741 813 obsideo-tus

251 838 625 882 Lacedaemonem
653 835 831 891 quaudo
858 836 926 878 ita
950 836 1105 892 placet
1134 841 1349 890 ceterum,
1386 839 1577 892 idemque
1603 839 1645 880 in
1675 837 1873 880 Drakenb.
1902 837 2018 879 libris
2045 837 2210 880 videtur
2237 839 2393 889 fuitse;
2430 840 2487 880 ibi
2514 852 2604 881 cum
2634 838 2739 880 Gro-

251 911 360 951 novii
388 906 500 951 illud
525 911 717 949 ceterum
743 906 1025 960 coniungentis
1056 907 1275 960 expiicatio
1301 909 1405 948 ferri
1432 921 1511 949 uon
1540 909 1685 961 possit,
1712 908 1810 952 nihil
1841 913 1907 948 eat
1931 908 2196 961 probabilius,
2225 922 2345 962 quam
2374 908 2544 949 alterum
2574 907 2741 948 alterius

252 990 346 1019 esse
371 976 762 1030 interpretationem.
819 972 962 1027 Itaque
992 975 1202 1016 Bekkerus
1232 981 1422 1018 ceterum
1450 978 1648 1026 servavit,
1678 976 1789 1019 illud
1817 975 1943 1018 modo
1968 989 2024 1018 ne
2046 975 2187 1033 fallat
2215 977 2403 1026 sustuiit,
2449 988 2554 1029 quae
2578 975 2740 1028 quidem

251 1045 450 1087 sententia
475 1056 526 1083 eo
555 1043 832 1090 confirmatur,
862 1042 972 1095 quod
1000 1056 1105 1095 quae
1135 1045 1270 1084 statim
1301 1050 1547 1096 sequuntur-2
1574 1046 1660 1088 iam
1688 1058 1802 1087 nunc
1830 1044 1912 1086 Izoc
1940 1044 2007 1086 ita
2031 1056 2291 1099 proponere
2315 1057 2393 1086 vos
2419 1044 2576 1085 animis
2608 1054 2740 1097 opor·

250 1118 309 1157 tet
337 1112 509 1152 eandem
536 1111 627 1151 fere
657 1111 899 1151 seutentiam
927 1111 1078 1151 babent
1107 1116 1229 1163 atque
1255 1124 1367 1162 eam,
1407 1126 1513 1166 quae
1540 1116 1581 1154 in
1606 1127 1667 1154 vv.
1699 1113 1813 1156 illud
1835 1137 1892 1145 —
1920 1112 2060 1166 sallat
2091 1112 2213 1153 modo
2252 1113 2476 1165 signiflcsta
2502 1119 2587 1159 est3
2623 1112 2741 1151 Mad·

248 1183 381 1235 vigius
411 1185 603 1221 ceterum
630 1191 707 1234 pro
729 1179 1103 1232 interpretameudo
1131 1179 1267 1219 habet.
1324 1180 1442 1221 Alter
1469 1181 1583 1222 locus
1614 1195 1650 1225 c.
1666 1181 1736 1230 35,
1754 1182 1783 1222 4
1807 1182 2036 1234 legebatur:
2064 1192 2120 1223 ne
2144 1177 2262 1235 quod
2290 1178 2553 1234 mancipium
2574 1178 2741 1234 regium

247 1249 520 1307 publicumve
537 1252 616 1289 aut
635 1247 864 1303 privatum
883 1246 1150 1289 educeretur
1175 1246 1282 1289 dolo
1298 1248 1428 1299 malo,
1456 1249 1497 1291 si
1522 1263 1611 1305 qna
1630 1249 1810 1305 publice
1835 1255 1912 1292 aut
1934 1249 2145 1304 privatim
2174 1252 2278 1290 ante
2304 1247 2466 1289 educta
2490 1246 2643 1302 forent
2664 1245 2742 1287 do·

248 1320 377 1361 acinis
395 1322 517 1360 recte
533 1317 894 1367 restituerentur,
923 1316 963 1355 iu
991 1316 1022 1355 B
1042 1327 1124 1355 rcc.
1142 1316 1382 1356 omittuntur
1407 1330 1468 1358 vv.
1490 1317 1585 1360 sine
1612 1317 1716 1360 dolo
1735 1318 1850 1361 malo
1879 1318 2027 1359 deinde
2051 1315 2230 1372 publice
2248 1319 2325 1358 aut
2349 1315 2587 1370 privatum,
2618 1326 2742 1366 quare

247 1402 380 1441 neque
397 1388 436 1427 in
454 1387 698 1427 editionibus
721 1386 930 1425 veteribus
947 1396 1075 1436 neque
1102 1398 1124 1423 a
1145 1384 1408 1433 Gelenioaut
1423 1386 1589 1437 reliquis
1605 1387 1831 1440 editoribus
1849 1393 1943 1427 sunt
1957 1391 2138 1440 recepta,
2159 1390 2325 1438 praeter
2345 1384 2540 1431 Modiam,
2563 1382 2631 1434 qui
2648 1382 2743 1423 sine

247 1458 352 1500 dolo
378 1456 494 1497 malo
523 1454 822 1508 transponenda
855 1460 898 1492 et
925 1458 1047 1494 recte
1073 1457 1117 1494 et
1143 1453 1238 1495 sine
1264 1453 1367 1495 dolo
1395 1454 1511 1495 malo
1532 1455 1743 1508 legendnm
1772 1468 1865 1496 esse
1893 1456 2163 1504 existimabat,
2191 1459 2235 1495 et
2254 1453 2515 1504 Madvigium,
2546 1451 2614 1503 qui
2630 1458 2741 1503 post-

248 1541 366 1579 quam
386 1528 425 1565 in
446 1524 809 1565 Emendationibus
831 1523 946 1575 piura
965 1522 1127 1561 molitus
1151 1526 1229 1570 est,
1259 1534 1337 1562 non
1357 1524 1529 1562 recessit
1550 1524 1709 1576 quidem
1737 1538 1759 1564 a
1779 1525 1931 1579 vuigari
1955 1524 2179 1578 scriptura,
2210 1522 2283 1563 sed
2312 1522 2351 1562 iu
2381 1521 2502 1574 praef
2542 1533 2597 1562 ne
2626 1517 2742 1574 quod

246 1594 350 1637 inde
368 1592 635 1646 mancipium
649 1590 737 1631 nisi
764 1590 931 1644 reye’um
948 1587 1128 1642 publice
1150 1595 1227 1630 aut
1242 1579 1455 1643 privatim
1481 1591 1747 1634 educeretur
1764 1594 1858 1634 sine
1882 1593 1988 1634 dolo
2007 1592 2151 1640 malo,·
2179 1592 2219 1633 si
2240 1602 2329 1646 qua
2355 1593 2458 1631 ante
2479 1588 2640 1631 educta
2665 1591 2742 1628 cet.

246 1663 406 1703 Livium
421 1661 641 1712 scripsisse
659 1664 798 1710 putat:
814 1660 869 1698 ita
885 1659 1013 1697 vetari
1023 1658 1150 1696 Nabin
1164 1660 1326 1708 publice
1349 1665 1389 1697 et
1397 1660 1565 1697 Nabidis
1579 1661 1809 1710 praefectos
1829 1661 2014 1710 privatim
2027 1660 2224 1711 mancipia
2241 1659 2430 1696 educere.
2461 1657 2514 1695 At
2533 1662 2576 1694 ut
2598 1666 2741 1693 conee-

247 1731 380 1780 datur,
411 1729 517 1782 quod
540 1727 704 1780 probari
723 1739 801 1767 non
832 1729 983 1778 potest,
1007 1725 1154 1766 Nabidi
1180 1726 1421 1779 permissum
1441 1739 1548 1775 esse,
1579 1733 1622 1766 ut
1641 1728 1753 1778 regia
1767 1729 1807 1778 ὓ)
1838 1728 2036 1779 mancipia
2065 1726 2275 1773 educeret,
2302 1725 2424 1776 idque
2442 1724 2638 1776 peculiari
2652 1723 2742 1773 iege

249 1800 464 1846 sancitum,
492 1808 624 1837 nonne
641 1796 741 1836 satis
757 1800 846 1835 erat
862 1806 1023 1843 cavere,
1049 1806 1106 1835 ne
1120 1792 1238 1849 quod
1254 1792 1357 1835 inde
1373 1794 1461 1835 nisi
1479 1795 1646 1850 reyium
1662 1794 1957 1838 educeretur?
1981 1796 2036 1836 ita
2054 1795 2159 1835 enim
2172 1799 2216 1835 et
2231 1794 2385 1846 reliqua
2404 1793 2536 1831 omnia
2547 1791 2740 1843 mancipia

250 1868 544 1913 excluduntur,
590 1870 633 1903 et
661 1864 768 1916 quod
800 1864 961 1902 omuino
990 1862 1249 1902 interdicitur
1276 1875 1328 1902 ne
1354 1862 1449 1911 fiat,
1489 1863 1529 1901 id
1560 1875 1610 1902 ne
1641 1864 1802 1916 publice
1835 1868 1904 1904 aut
1933 1863 2118 1916 privatim
2148 1862 2220 1902 flat
2246 1875 2325 1901 non
2356 1873 2453 1900 sane
2483 1865 2547 1899 est
2575 1858 2741 1898 interdi-

249 1935 444 1981 cendum;
471 1938 514 1972 et
539 1933 645 1985 quod
676 1933 766 1983 quis
795 1932 936 1970 facere
962 1935 1137 1979 vetatur,
1168 1931 1205 1969 si
1233 1935 1368 1969 tamen
1397 1930 1511 1978 fucit,
1542 1943 1620 1969 uon
1650 1936 1788 1983 potest
1818 1932 1958 1970 facere
1987 1931 2065 1970 nisi
2094 1930 2189 1969 dolo
2221 1929 2341 1974 malo,
2375 1933 2420 1968 ut
2440 1941 2513 1968 cur
2530 1928 2632 1966 haec
2652 1926 2740 1965 adi·

247 2002 431 2051 ciantur,
465 2004 534 2041 aut
570 2012 643 2040 cur
676 1999 757 2039 inis
800 2010 857 2040 ne
892 2021 946 2027 -—
977 1996 1069 2039 nisi
1102 2019 1157 2030 -·-
1194 1996 1288 2040 sine
1316 2010 1384 2038 res
1414 1998 1714 2052 simplicissima
1744 2000 1982 2040 obscurcius
2002 1999 2056 2040 'et
2082 1998 2262 2052 argutius
2300 1997 2583 2043 describatur,
2624 1994 2741 2048 plane

249 2084 329 2112 nou
355 2075 564 2124 appareat.
624 2068 809 2122 Accedit,
839 2067 948 2119 quod
978 2067 1067 2107 aliis
1097 2066 1199 2107 locis
1228 2066 1346 2115 haec,
1377 2079 1481 2118 quae
1510 2081 1586 2120 per
1612 2080 1658 2107 se
1688 2069 1978 2121 intelliguntur,
2008 2081 2085 2109 nou
2114 2067 2250 2108 addita
2278 2067 2465 2119 legimus,
2495 2079 2531 2106 v.
2553 2063 2745 2118 §Ovsqqs

248 2139 320 2187 88,
350 2138 422 2187 88,
450 2138 479 2177 5
511 2138 591 2185 ali...
622 2137 696 2176 sed
726 2137 827 2184 sola,
857 2148 962 2187 quae
987 2136 1029 2176 h.
1059 2136 1086 2175 Ι.
1111 2136 1265 2187 requiri
1293 2135 1400 2183 dixi,
1432 2140 1474 2174 et
1503 2136 1611 2188 quod
1637 2136 1688 2175 nd
1718 2136 1798 2187 iila,
1823 2148 1926 2190 quae
1952 2140 2247 2191 proponuntur,
2277 2147 2340 2186 ea,
2369 2146 2473 2188 quae
2502 2137 2743 2185 sequuntur:

249 2209 290 2251 si
319 2222 408 2263 qua
437 2213 518 2247 etc.
547 2213 642 2257 apte
671 2205 822 2244 referri
850 2218 929 2243 non
960 2209 1142 2254 possunt.
1200 2204 1301 2241 Nam
1335 2217 1425 2242 cum
1455 2209 1547 2241 ante
1584 2210 1735 2242 tantum
1765 2206 1880 2257 regia
1904 2206 2103 2257 mancipia
2132 2207 2444 2244 commemorata
2471 2203 2575 2248 sint,
2606 2200 2739 2239 verbis

248 2273 428 2333 publice
448 2277 525 2317 aut
542 2272 754 2328 privatim
772 2277 903 2312 sutem
923 2283 1001 2312 non
1019 2282 1148 2324 genus
1166 2283 1389 2319 servorum,
1411 2274 1455 2311 ut
1472 2270 1510 2311 in
1527 2270 1686 2323 vulgata
1705 2271 1894 2321 lectione,
1924 2273 1997 2312 sed
2019 2273 2161 2312 modus
2177 2272 2379 2312 educendi
2396 2271 2662 2323 significetur,
2683 2281 2742 2308 vv.

250 2346 291 2386 si
318 2356 408 2399 qua
436 2366 492 2373 —
517 2341 672 2396 forent
702 2346 782 2393 etc,
817 2353 896 2380 non
933 2345 1104 2394 possunt
1140 2340 1360 2394 explicari,
1406 2340 1484 2380 nisi
1520 2345 1587 2380 aut
1627 2340 1703 2381 ita:
1736 2341 1772 2381 si
1801 2354 1880 2394 qua
1907 2342 2020 2394 regia
2048 2341 2196 2382 educta
2224 2342 2383 2389 forent,
2428 2339 2535 2391 quod
2564 2339 2744 2389 ineptum

252 2425 349 2453 esse
376 2425 427 2451 ex
455 2412 561 2451 iliis:
600 2409 797 2451 dominis.
814 2413 937 2450 recte
961 2409 1305 2451 restituerentur
1334 2413 1529 2462 apparet,
1568 2414 1637 2449 aut
1665 2410 1743 2458 ita,
1771 2415 1816 2449 ut
1844 2409 2059 2463 inteiiigas,
2090 2410 2126 2450 si
2152 2422 2230 2463 qua
2260 2412 2426 2462 praeter
2459 2407 2571 2459 regia
2601 2405 2744 2445 educta

252 2482 405 2528 forent,
436 2479 543 2530 quod
572 2492 667 2518 num
700 2490 751 2516 eo
781 2477 901 2516 modo
933 2481 980 2515 ut
1005 2477 1061 2524 id,
1092 2478 1197 2527 quod
1216 2478 1432 2529 excipitur,
1463 2489 1631 2530 prorsus
1658 2478 1878 2526 omittatur,
1909 2484 2022 2518 recte
2050 2478 2131 2518 dici
2160 2478 2354 2531 potuerit,
2384 2474 2644 2516 dubitandum
2671 2477 2745 2513 est.

251 2550 315 2591 Ea
344 2554 477 2590 autem
508 2547 640 2588 omnia
666 2545 832 2586 molitur
859 2545 1112 2597 Madvigius,
1150 2547 1257 2597 quod
1299 2547 1378 2585 sibi
1415 2549 1621 2599 persuasit
1657 2560 1737 2586 non
1764 2547 1856 2586 fieri
1885 2548 2091 2598 potuisse,
2131 2553 2176 2586 ut
2205 2546 2255 2586 ad
2279 2558 2317 2586 v-
2346 2549 2469 2587 recte
2494 2543 2745 2583 notissimum

252 2619 464 2671 quisquam
497 2613 728 2667 explicandi
763 2626 885 2654 causa
925 2612 1201 2653 adscriberet:
1242 2614 1337 2655 sine
1365 2614 1469 2656 dolo
1499 2616 1638 2664 malo,
1680 2622 1723 2655 et
1751 2621 1820 2655 aut
1848 2629 1925 2655 non
1957 2616 2056 2654 vidit
2092 2622 2160 2654 nint
2198 2615 2338 2653 videre
2378 2614 2507 2652 noluit
2533 2624 2619 2650 eam
2650 2611 2690 2648 b.
2717 2611 2744 2648 l.

252 2687 363 2726 iilius
393 2685 506 2724 verbi
537 2695 632 2723 esse
658 2681 1018 2734 significationem,
1059 2684 1106 2721 ut
1143 2679 1264 2721 facile
1298 2681 1512 2735 interpreti
1543 2684 1582 2723 in
1613 2689 1787 2724 mentem
1818 2684 1956 2724 venire
1987 2690 2128 2737 posset
2154 2684 2335 2735 legentes
2361 2693 2550 2726 monere,
2582 2692 2631 2717 ne
2660 2677 2745 2715 vui-

253 2755 342 2809 gari
370 2758 413 2793 et
441 2752 608 2806 propria
645 2751 686 2789 vi
725 2750 879 2789 dictum
907 2753 1099 2801 putarent
1122 2761 1252 2801 eoque
1287 2751 1457 2789 consilio
1483 2751 1696 2790 formulam
1726 2752 1910 2791 omnibus
1941 2757 2073 2791 notam
2103 2752 2351 2791 adscribere.
2408 2750 2538 2799 Atque
2570 2759 2658 2785 cum
2688 2746 2748 2783 vi-

254 2823 422 2862 deamus
452 2820 592 2860 multis
630 2819 731 2857 locis
769 2818 890 2857 etiam
921 2816 1145 2857 tritissimis
1161 2817 1200 2866 ⁷)
1239 2816 1316 2857 alia
1345 2816 1441 2858 item
1481 2817 1572 2857 sere
1599 2818 1865 2871 significantia
1895 2819 2017 2860 verba
2043 2819 2260 2860 substituta
2289 2832 2406 2860 esse,
2444 2830 2517 2857 cur
2555 2815 2622 2854 ἰΙΙο
2659 2814 2747 2853 ioco
2781 2822 2783 2825 ’

255 2892 416 2946 potius,
456 2874 574 2942 quain
609 2887 764 2925 factum
799 2897 893 2924 esse
925 2885 1219 2933 concedamus,
1248 2885 1377 2925 minus
1408 2886 1632 2938 probabilia
1662 2887 1945 2936 admittamus,
1975 2888 2083 2928 nulia
2108 2901 2206 2928 sane
2232 2900 2354 2928 causa
2382 2892 2457 2926 est.
2515 2882 2665 2923 Nescio
2699 2895 2747 2921 an

254 2959 321 2999 his
352 2959 452 2998 locis
482 2955 804 2996 adnumerandus
835 2955 890 2994 sit
921 2956 971 3002 is,
1000 2955 1068 3007 qui
1096 2967 1131 2994 c.
1161 2954 1232 3003 44,
1261 2954 1290 2993 θ
1319 2955 1379 2995 sic
1404 2955 1444 2995 in
1470 2954 1529 2996 Μ.
1562 2955 1728 3010 iegitur:
1759 2955 1938 3013 ludique
1971 2955 2157 2999 Romani
2182 2955 2331 3007 votivi,
2363 2967 2470 3011 quos
2495 2955 2675 2996 voverat
2708 2975 2748 2981 —

404 3108 442 3149 ⁰)
470 3106 555 3141 Cum
579 3107 616 3139 in
643 3105 796 3139 editione
821 3104 1126 3143 Weidmanniaua,
1163 3102 1254 3146 quod
1279 3102 1452 3147 Philippus
1486 3111 1586 3137 antea
1614 3108 1726 3149 Argos
1752 3104 1935 3145 habuerat,
1969 3111 2003 3138 et
2036 3106 2129 3138 veiut
2152 3104 2361 3138 fiduciariam
2386 3112 2460 3137 eam
2486 3101 2605 3134 urbem
2629 3099 2749 3133 Nabidi

257 3166 387 3204 ederat,
412 3176 445 3199 v.
470 3162 531 3202 32.
553 3161 659 3207 38‚2,
683 3161 873 3206 explicandi
898 3171 1002 3195 causa
1026 3160 1070 3194 ad
1084 3170 1118 3194 v.
1141 3162 1284 3203 regium
1307 3162 1589 3206 adscripsissem:
1616 3163 1672 3197 die
1695 3163 1818 3197 voi-her
1829 3163 2000 3206 Phiiippus
2023 3164 2140 3196 daun
2161 3163 2298 3196 Nabis
2320 3161 2443 3208 gebort
2468 3157 2598 3201 hatten,
2623 3156 2734 3191 Madv,

261 3234 332 3258 rem
360 3224 426 3258 hoc
450 3222 555 3256 modo
581 3222 738 3255 invertit:
763 3220 887 3266 „regia
911 3220 1081 3264 mancipia
1104 3218 1205 3253 video
1231 3219 1375 3266 inteiligi
1398 3220 1541 3266 Philippi
1568 3223 1684 3267 regis:
1720 3221 1782 3255 sed
1807 3232 1866 3255 cur
1891 3220 1935 3255 de
1960 3219 2012 3254 bis
2037 3227 2196 3256 caveatur
2219 3232 2289 3255 non
2313 3224 2454 3263 apparet
2484 3236 2521 3242 «-
2547 3217 2651 3249 immo
2675 3214 2747 3250 Na—

263 3282 351 3316 bidis
378 3281 636 3326 significantuff‘
662 3287 729 3314 etc.
754 3281 777 3313 i.
807 3289 839 3313 e.
866 3278 900 3311 id
929 3279 1053 3321 ipsum,
1078 3277 1171 3322 quod
1202 3288 1268 3323 ego
1293 3277 1453 3312 dixeram.

397 3340 431 3381 τ)
471 3339 523 3373 οε.
548 3337 608 3377 33,
632 3336 691 3376 24,
714 3337 759 3377 ὃς
789 3337 834 3372 ib.
854 3336 913 3376 26,
939 3336 982 3377 53
1008 3336 1053 3369 ib.
1080 3334 1142 3375 38,
1165 3335 1207 3368 2:
1242 3338 1391 3379 reteque,
1421 3340 1558 3379 ceteri,
1598 3336 1738 3378 34‚‡32,
1760 3337 1806 3373 9:
1840 3340 1879 3370 in
1905 3337 2111 3370 libertate-
2136 3341 2170 3369 et
2202 3336 2255 3370 aa
2286 3335 2516 3371 liber-tatem
2541 3330 2600 3370 37,
2624 3330 2682 3372 46,
2704 3331 2750 3371 8,

255 3398 303 3432 ib.
333 3396 390 3440 16,
417 3397 483 3437 123
508 3395 567 3436 35,
592 3394 652 3438 29,
677 3394 722 3434 6;
747 3394 805 3430 39.
832 3393 888 3433 15,
913 3393 936 3429 6
953 3396 1062 3427 modo
1086 3400 1120 3426 et
1145 3395 1286 3429 mtum:
1311 3393 1369 3433 34,
1393 3394 1449 3429 33.
1481 3395 1522 3429 ¹2
1551 3396 1663 3428 etiam
1689 3395 1762 3437 (Μ),
1791 3398 1828 3428 et
1849 3394 1893 3428 er.
1919 3393 1976 3433 85,
2002 3394 2061 3434 29,
2088 3393 2151 3435 103
2183 3393 2242 3433 34,
2262 3393 2320 3431 36,
2344 3392 2367 3427 4
2390 3393 2489 3424 sicut
2509 3389 2583 3430 (Μ).
2605 3392 2669 3430 οε,
2692 3388 2751 3430 38,

255 3455 315 3496 35,
342 3455 358 3489 1
384 3456 496 3497 apud.
522 3455 576 3487 ad
598 3453 650 3487 all,
