3043 3899
1450 154 1511 205 12

239 303 328 347 set,
350 297 407 338 L.
435 296 667 341 cos-elium
699 301 766 351 id,
791 313 872 355 qao
896 300 996 342 nihil
1026 300 1066 342 ei
1093 300 1247 354 gratius
1276 313 1370 341 essa
1394 305 1580 354 poterat,
1617 302 1664 339 ut
1689 298 2200 352 uguentorum-uss,
2231 300 2366 355 ipsam
2394 299 2572 342 noluisse
2601 304 2647 341 et
2671 310 2725 341 ae

239 366 430 407 limeret
458 367 631 420 cavisse,
659 370 840 420 diceret,
871 371 990 413 aliter
1016 371 1122 409 euim
1150 370 1275 411 verba
1299 382 1379 410 non
1406 374 1579 422 possunt
1606 367 1902 420 intelligant-1
1934 372 1982 408 at
2007 366 2157 412 videri
2182 382 2277 411 esse
2305 373 2489 411 ωηοᾱιιιι
2514 379 2570 410 ne
2601 367 2724 409 susm

239 434 289 474 ad
313 435 382 474 illa
403 435 651 489 referantur,
676 449 780 493 quae
807 443 1050 492 sequuntur:
1078 438 1211 494 arqui
1239 441 1409 494 possets
1438 440 1622 478 amotum
1640 455 1689 464 -
1709 438 1754 478 et
1783 433 1886 489 (ne)
1912 434 2047 492 αἴρει·
2070 439 2246 491 possets
2274 436 2381 491 quod
2409 435 2515 478 anim
2544 434 2722 477 Kaoldas

237 503 372 554 fingit,
412 516 450 542 v.
472 511 566 544 acts
604 508 846 559 gymnasior.
878 506 994 545 18oe
1021 519 1062 558 p.
1089 505 1200 555 445,
1239 507 1281 545 id
1306 507 1439 558 ipsum
1467 506 1664 557 ingratum
1693 504 1825 542 faisse
1851 503 2056 553 Comelio,
2082 504 2190 555 quod
2219 506 2381 546 omnino
2404 505 2496 545 {ieri
2527 503 2721 559 potuerit,

238 577 281 611 ut
310 577 381 611 aut
404 579 598 625 argueret
625 580 694 613 aut
720 579 974 626 argueretur,
1004 587 1082 613 non
1113 574 1213 613 vidit
1238 575 1369 626 ipsius
1390 573 1569 612 Cornelii
1597 572 1807 611 consilium
1835 571 2055 624 significari
2085 576 2129 612 et
2155 574 2457 629 eumnoluisse
2487 573 2584 622 dici,
2612 571 2724 624 qaod

236 645 381 692 optare
410 642 598 689 debebat,
632 654 710 681 non
737 642 857 681 alium
888 642 1087 694 quendam
1116 642 1286 681 alterum
1319 647 1449 680 utrum
1478 640 1633 680 eonsnli
1659 639 1888 691 eligendum
1919 640 2200 692 proposuisse,
2231 641 2355 693 idque
2383 643 2423 682 ei
2450 641 2720 694 displicuisse.

234 707 320 748 Soa
348 714 395 748 ut
421 710 541 748 dubia
567 709 636 747 illa
665 711 900 749 coniectura
928 709 1117 749 videatur
1140 711 1262 748 etiam
1293 721 1358 756 ea,
1388 720 1491 758 quae
1519 709 1559 746 in
1588 708 1716 747 altero
1741 709 1923 745 membro
1950 708 2080 758 posita
2111 713 2221 756 sunt,
2254 710 2462 758 efficiunt3
2490 721 2578 749 nam
2597 708 2721 747 verbs

234 775 276 818 sl
302 776 412 832 quid
438 775 544 818 vani
570 775 761 831 afferret
790 778 846 817 ita
876 776 1015 818 addita
1043 783 1150 826 sunt,
1179 783 1226 817 ut
1245 776 1439 817 Metellus
1471 789 1548 816 non
1575 775 1720 823 omnia,
1749 788 1855 826 quae
1884 788 1907 814 a
1928 774 2125 814 Marcello
2152 777 2308 829 scripta
2335 783 2444 827 sunt,
2474 790 2521 817 se
2549 783 2619 817 aut
2646 787 2721 829 pro

237 845 346 885 veris
379 849 447 885 aut
472 856 547 897 pro
575 844 691 885 falsis
717 845 893 895 habere,
922 845 997 887 sed
1027 846 1105 887 alia
1129 859 1225 886 vera
1256 858 1350 885 esse
1380 844 1458 885 alia
1486 843 1588 884 falsa
1619 856 1741 896 posse
1773 843 1904 891 dicatz
1938 843 1979 882 id
2009 849 2144 884 autem
2175 844 2212 884 si
2240 858 2379 885 verum
2420 851 2497 895 est,
2527 856 2721 901 aryioere

235 918 277 953 et
305 913 434 968 arqui
467 914 533 954 vix
576 918 748 966 possunt
780 914 838 955 ita
867 915 976 955 inter
1017 927 1066 954 se
1102 914 1280 967 opponi,
1315 918 1360 953 ut
1390 913 1562 953 alterum
1592 913 1718 953 altero
1756 910 2015 960 excludatur,
2062 911 2136 951 sed
2165 917 2383 965 utrumque
2407 915 2520 963 fieri,
2557 919 2600 954 et
2627 925 2721 953 vera

235 982 396 1036 probari
425 987 470 1021 et
497 993 597 1021 vana
623 983 737 1034 argui
766 995 892 1035 posse
930 982 1145 1023 dicendum
1175 987 1280 1025 erat.
1338 981 1483 1035 Neque
1513 981 1669 1022 Metelli
1712 994 1907 1034 persona,
1946 993 2066 1034 quem
2096 979 2236 1021 Livius
2278 984 2556 1035 gravissimum
2592 983 2720 1022 virum

235 1051 361 1091 videri
390 1052 476 1091 vult
505 1057 548 1091 et
575 1057 620 1091 ut
647 1063 714 1091 res
743 1053 1000 1105 exquiratur,
1042 1052 1172 1093 donec
1203 1052 1356 1092 veritas
1387 1052 1596 1106 explorata
1628 1051 1696 1100 sit,
1731 1050 1911 1091 suasisse
1943 1049 2091 1100 tradit,
2121 1050 2220 1091 satis
2250 1050 2413 1105 dignum
2440 1052 2599 1093 videtur
2627 1063 2719 1092 con-

233 1121 360 1160 sulem
387 1132 434 1160 re
463 1121 638 1160 nandum
670 1122 831 1174 cognita
860 1126 941 1162 tam
971 1122 1084 1175 pravi
1112 1121 1273 1161 consilii
1300 1121 1548 1161 insimulare.
1606 1120 1691 1161 Eae
1718 1131 1857 1160 omnes
1892 1117 2138 1160 offensiones
2166 1118 2364 1167 vitantur,
2404 1121 2440 1161 si
2476 1120 2721 1174 reliquorum

232 1189 321 1228 edd.
354 1190 558 1240 scriptura
571 1202 585 1227 ε
611 1189 667 1228 de
697 1188 937 1239 industria,
966 1190 1043 1243 qui
1070 1202 1141 1238 ea,
1172 1201 1287 1243 qnae
1318 1190 1571 1243 scripsisset
1599 1200 1817 1243 praesens
1852 1187 2023 1229 dicent
2052 1200 2245 1243 αμα-ε
2271 1200 2425 1229 coram
2461 1193 2505 1230 et
2545 1188 2587 1229 si
2616 1188 2721 1244 quid

238 1278 271 1286 -
295 1257 429 1312 oeryszi
453 1261 605 1311 posset
635 1256 842 1295 lenissima
861 1256 1020 1295 medela
1048 1256 1263 1296 adiuvatur
1292 1261 1334 1295 et
1363 1257 1576 1296 scribitur:
1607 1257 1682 1310 qni
1709 1279 1765 1286 —
1795 1255 1948 1298 dicere
1973 1259 2015 1296 et
2042 1267 2233 1310 aryweoe
2259 1268 2409 1296 coram
2435 1261 2478 1297 et
2503 1279 2559 1286 —-
2592 1256 2722 1313 arqui

228 1329 397 1378 posset,
432 1325 488 1364 ita
524 1336 656 1376 neque
684 1336 789 1376 opus
834 1329 899 1363 est
937 1328 981 1364 et
1006 1323 1047 1364 si
1075 1323 1206 1378 quid,
1246 1325 1352 1376 quod
1391 1325 1512 1365 etiam
1540 1325 1598 1365 M.
1629 1325 1819 1376 habebat,
1851 1329 2021 1371 mutare,
2053 1332 2095 1364 ut
2121 1327 2199 1365 ant
2227 1323 2269 1364 si
2297 1323 2404 1377 quid
2432 1324 2648 1370 scribatur,
2679 1331 2720 1363 et

231 1398 445 1444 utrumqne
470 1392 583 1440 fleri,
614 1398 657 1432 et
685 1391 798 1444 argui
825 1397 868 1431 et
897 1404 1070 1443 arguere
1096 1404 1245 1444 posse,
1273 1393 1381 1443 quod
1410 1399 1582 1445 propter
1606 1393 1729 1432 verba
1757 1393 1797 1434 si
1825 1391 1932 1447 quid
1962 1397 2040 1431 etc.
2076 1391 2350 1431 necessarium
2392 1398 2479 1440 est,
2519 1393 2720 1444 signitica-

231 1466 312 1508 tur,
351 1465 394 1500 et
425 1466 617 1506 cavetur,
655 1473 706 1499 ne
747 1459 888 1499 consul
925 1459 1126 1499 amovisse
1162 1461 1348 1499 videatur
1391 1472 1507 1508 eum,
1554 1472 1673 1511 quem
1710 1461 1823 1512 argui
1861 1473 1883 1499 a
1914 1472 1960 1498 se
1992 1470 2114 1511 posse
2144 1459 2233 1498 eius
2264 1458 2478 1510 plurimum
2514 1460 2720 1501 intererat.

228 1528 345 1579 Quod
382 1534 518 1567 autem
557 1527 786 1579 Madvigius
824 1527 926 1566 dicit
968 1528 1205 1579 pronomine
1243 1528 1319 1582 qni
1355 1528 1411 1567 ita
1451 1528 1585 1580 posito
1625 1533 1825 1578 tamquam
1864 1527 2058 1566 incertam
2095 1538 2309 1579 personam
2338 1529 2560 1579 generatim
2590 1529 2715 1581 signi·

228 1596 355 1642 ficari,
387 1597 529 1635 videre
558 1596 687 1635 noluit
711 1608 774 1643 ea,
805 1607 910 1645 quae
940 1595 1209 1646 praecedunt,
1241 1595 1297 1634 ita
1326 1608 1420 1634 esse
1447 1597 1622 1647 scripta,
1657 1601 1699 1634 ut
1728 1595 1797 1646 qui
1826 1606 1874 1634 ea
1904 1594 2066 1646 legerit,
2099 1605 2319 1646 pronomen
2347 1596 2582 1645 relativum,
2614 1598 2719 1648 quod

225 1665 433 1716 sequitur,
468 1677 547 1704 non
577 1664 727 1716 possit,
767 1664 863 1713 quin
901 1663 950 1702 ad
981 1663 1220 1703 Marcellum
1250 1664 1427 1712 referat3
1467 1665 1627 1704 consilii
1659 1670 1792 1702 autem
1824 1662 2090 1714 significatio:
2133 1668 2307 1701 amotum
2339 1676 2455 1709 esse,
2492 1671 2537 1703 ut
2574 1665 2721 1703 alicubi

223 1732 397 1781 diceret,
427 1745 504 1773 non
533 1732 640 1772 inest
669 1732 709 1773 in
738 1731 875 1772 verbis
905 1730 979 1772 aed
1008 1730 1203 1781 infertur,
1246 1732 1471 1785 eodemque
1498 1733 1588 1773 iure
1618 1732 1860 1783 faciliusque
1887 1731 2010 1771 etiam
2040 1738 2083 1771 et
2109 1732 2287 1780 rectius,
2316 1732 2352 1770 si
2390 1732 2544 1784 reliqua
2581 1733 2718 1772 adiun-

223 1806 404 1855 guntur,
433 1813 581 1841 causae
618 1800 862 1853 significatio
900 1800 1037 1839 inesse
1077 1800 1284 1840 creditura
1318 1806 1495 1841 amotum
1533 1813 1632 1841 esse
1656 1799 1922 1846 Marcellum,
1959 1799 2112 1852 quippe
2150 1800 2219 1851 qui
2263 1813 2459 1853 praesens
2497 1800 2637 1840 dicere
2668 1823 2716 1831 -

225 1877 384 1924 posset.
445 1869 732 1923 lmperl'ectum
760 1872 895 1908 autem
927 1869 1172 1909 coniunctivi
1202 1869 1334 1910 locum
1353 1868 1507 1909 habere
1532 1882 1669 1921 posse,
1700 1869 1768 1908 ubi
1799 1868 1835 1908 si
1862 1868 1953 1919 quis
1971 1868 2200 1908 accuratim
2227 1868 2335 1920 loqui
2362 1868 2501 1916 vellet,
2531 1870 2719 1921 coniuga-

223 1939 335 1977 tione
366 1938 666 1990 periphrastica
696 1942 896 1983 uteretur,
928 1937 1020 1989 ipse
1046 1936 1301 1989 Madvigius,
1336 1950 1426 1976 cum
1457 1938 1495 1977 in
1526 1937 1885 1977 Emendationibus
1925 1950 1964 1989 p.
1995 1936 2075 1977 172
2103 1942 2313 1990 negasset,
2357 1937 2397 1976 in
2427 1936 2491 1977 ed.
2517 1935 2605 1979 Liv.
2640 1937 2669 1987 l,
2691 1937 2719 1977 2

224 2008 355 2060 praef.
390 2007 457 2045 Xil
486 2007 705 2052 concessit,
733 2018 770 2044 v.
798 2006 868 2053 42,
902 2006 969 2053 13,
998 2005 1026 2042 3
1060 2006 1114 2044 ib.
1143 2006 1213 2052 46,
1243 2007 1273 2044 6
1302 2007 1366 2044 all.
1424 2007 1581 2057 Quibus
1611 2006 1794 2046 omnibus
1825 1992 2041 2058 perpensis
2068 2006 2206 2045 nescio
2238 2018 2288 2045 an
2317 2005 2395 2046 hoe
2425 2017 2584 2057 quoque
2612 2005 2719 2052 loco,

223 2081 269 2115 ut
303 2076 466 2114 facilius
506 2075 709 2113 sententia
750 2074 1079 2125 perspiceretur,
1131 2086 1205 2125 pro
1245 2075 1321 2129 qni
1358 2076 1541 2126 reposito
1582 2087 1639 2115 ne
1679 2075 1833 2125 reliqua
1870 2075 1990 2114 etiam
2029 2081 2181 2114 mutata
2216 2075 2311 2114 sint.
2371 2074 2525 2113 Eadem
2562 2074 2719 2114 ratione

222 2144 344 2196 paulo
383 2150 477 2195 post
511 2157 548 2181 e.
574 2143 616 2190 8,
647 2143 678 2180 9
715 2143 991 2196 snpplicatio
1026 2144 1065 2181 in
1095 2143 1182 2190 Μ.,
1222 2144 1327 2193 quod
1369 2144 1555 2182 usitatius
1593 2144 1826 2190 videbatur,
1864 2155 1939 2194 pro
1968 2142 2318 2196 supplicationes
2346 2142 2451 2193 quod
2482 2143 2522 2181 in
2551 2142 2718 2193 reliquis

222 2216 301 2259 est,
336 2211 564 2265 legebatur,
597 2215 639 2249 et
669 2223 720 2249 ne
750 2224 855 2249 nnnc
885 2210 1047 2262 quidem
1079 2210 1177 2249 illud
1213 2224 1278 2250 me
1318 2212 1527 2263 sprevisse
1558 2213 1760 2264 poenitet,
1796 2225 1941 2263 neque,
1970 2214 2006 2250 si
2034 2212 2385 2266 supplicationes
2422 2224 2585 2262 pravum
2624 2223 2718 2250 esse

220 2280 443 2320 noluissem
474 2278 675 2325 confiteri,
704 2278 746 2318 id
774 2278 882 2329 quod
909 2278 1139 2330 Madvigius
1169 2278 1306 2330 fingit,
1335 2291 1371 2318 v.
1402 2280 1532 2330 praef.
1562 2293 1602 2331 p.
1635 2279 1728 2326 Vll,
1770 2281 1857 2319 loca
1888 2280 2137 2328 attulissem,
2183 2280 2251 2318 ubi
2281 2279 2388 2318 nulla
2420 2278 2538 2317 ullius
2565 2278 2716 2318 codicis

220 2347 495 2398 discrepantia
530 2345 701 2397 legitur,
738 2346 884 2396 quibus
925 2358 1016 2384 cum
1057 2345 1136 2398 alia
1174 2345 1325 2384 addere
1354 2353 1536 2398 poteram
1568 2353 1650 2385 tum
1685 2348 1791 2398 quod
1819 2348 1896 2396 4⁰3
1932 2346 2003 2388 53.
2032 2348 2061 2386 3
2084 2348 2125 2386 in
2164 2348 2255 2399 ipso
2282 2347 2365 2394 Μ.,
2404 2347 2472 2396 qui
2509 2345 2578 2385 illa
2607 2346 2717 2385 solus

220 2415 359 2462 habet,
387 2414 663 2465 perscriptum
697 2418 773 2453 est.
832 2413 951 2464 Quod
982 2427 1017 2453 e.
1046 2413 1114 2461 11,
1144 2414 1199 2453 10
1223 2414 1263 2452 in
1293 2412 1351 2453 M.
1383 2414 1465 2466 legi
1492 2414 1743 2454 tradiderunt
1771 2414 1888 2456 inter
1915 2414 2082 2456 medias
2110 2415 2345 2464 stationes,
2385 2414 2426 2452 in
2457 2414 2500 2453 Β.
2530 2413 2594 2452 ι·ΙΙ.
2629 2425 2716 2466 per

222 2481 391 2523 medias
420 2481 656 2530 stationes,
695 2481 774 2519 iam
801 2480 1093 2531 Oudendorpio
1129 2482 1296 2531 obsequi
1337 2482 1492 2529 malim,
1528 2483 1597 2533 qui
1634 2495 1683 2521 ex
1713 2482 1907 2521 Frontino
1942 2495 2029 2536 per
2058 2481 2328 2523 intermissas
2356 2481 2567 2522 stationes
2595 2481 2715 2519 resti-

218 2550 412 2589 tuendum
453 2561 548 2587 esse
586 2549 744 2597 docuit3
789 2551 828 2588 in
867 2557 1038 2601 utroque
1076 2550 1261 2590 codicum
1298 2563 1449 2602 genere
1493 2564 1589 2603 pars
1627 2552 1714 2590 veri
1750 2550 1912 2591 videtur
1950 2556 2109 2590 servata
2137 2563 2243 2590 esse.
2301 2549 2460 2589 Pariter
2487 2547 2558 2597 87,
2587 2547 2658 2597 48,
2687 2550 2717 2587 9

219 2620 297 2659 iam
325 2631 405 2658 non
433 2618 667 2662 intercedo,
705 2631 786 2670 quo
815 2619 946 2658 minus
978 2619 1136 2659 sublata
1164 2622 1206 2660 et
1234 2618 1431 2669 particula
1462 2619 1621 2670 legatur
1646 2618 1789 2660 maior
1823 2618 1963 2672 pestis
1993 2617 2255 2659 intermixtis
2285 2617 2354 2671 (in
2383 2615 2617 2672 permixtis
2645 2616 2714 2670 B.)

218 2686 452 2745 quadrigis
487 2685 819 2742 elephantisque
856 2692 899 2729 et
934 2687 1113 2729 camelis
1150 2692 1249 2730 erat
1287 2700 1370 2729 sna
1407 2688 1603 2742 ipsorum
1632 2685 1779 2736 turba,
1817 2699 1951 2738 neque
1991 2692 2124 2727 tamen
2153 2686 2310 2727 Kochio
2343 2685 2524 2726 concedo
2546 2690 2716 2738 propter

220 2757 360 2795 vocab.
395 2755 538 2795 maim·
569 2755 703 2793 locum
731 2755 841 2794 illam
871 2755 1110 2808 particulam
1139 2755 1293 2795 habere
1321 2767 1401 2795 uon
1427 2767 1575 2808 posse,
1606 2768 1696 2794 nam
1726 2767 1807 2795 non
1831 2755 1933 2795 vidit
1966 2761 2122 2808 pestem
2153 2755 2345 2794 maiorem
2383 2754 2514 2793 fuisse
2546 2757 2715 2806 propter

217 2825 474 2864 intermixtos
506 2828 548 2862 et
578 2823 818 2875 elephantos
848 2830 889 2862 et
919 2824 1110 2872 camelos,
1140 2823 1189 2862 ad
1217 2837 1387 2876 eamque
1417 2837 1579 2864 causam
1611 2825 1837 2865 accessisse
1866 2824 2057 2872 alteram,
2088 2823 2195 2875 quod
2225 2823 2375 2863 milites
2406 2821 2538 2861 effuse
2566 2821 2713 2861 solutis

220 2893 430 2933 ordinibus
457 2892 668 2944 fugeren13
695 2892 731 2931 si
760 2898 975 2943 utrumque
995 2892 1327 2944 impedimentum
1349 2893 1562 2942 abfuisset,
1589 2893 1720 2933 minor
1747 2893 1896 2933 fuisset
1925 2893 2066 2945 pestis.
2126 2892 2210 2932 Sed
2241 2897 2285 2932 nt
2314 2891 2362 2931 ad
2391 2891 2533 2930 librum
2553 2888 2712 2931 XXXV.

216 2961 408 3007 redeam,
448 2966 581 2999 utrum
615 2973 650 2999 c.
683 2959 758 3008 15,
789 2960 818 2999 4
842 2960 1087 3009 ministerio
1125 2960 1165 2999 in
1198 2961 1227 2999 B
1267 2974 1349 3001 rcc.
1387 2962 1591 3001 inventum
1630 2967 1673 3001 et
1702 2961 1870 3000 Hertzio
1910 2962 2123 3013 probatum
2159 2974 2208 3001 an
2246 2959 2474 3012 moguntini
2512 2958 2711 3011 scriptura

214 3028 472 3070 ministeriis
507 3034 713 3080 praestet,
744 3028 909 3067 dubium
939 3041 1033 3067 esse
1065 3033 1222 3080 potest,
1270 3030 1450 3081 itemque
1486 3043 1521 3069 c.
1550 3029 1620 3078 25,
1656 3029 1683 3068 2
1711 3034 1844 3069 utrum
1883 3028 2080 3083 intensus
2109 3029 2208 3081 (Μ.)
2248 3040 2298 3068 an
2327 3026 2517 3081 infestus
2540 3026 2603 3074 (B.
2633 3027 2712 3075 rll.)

212 3102 258 3137 et
284 3110 320 3136 c.
350 3096 420 3141 29,
449 3097 480 3133 9
506 3094 726 3151 proyredi
756 3095 851 3145 (M.)
882 3109 931 3134 an
961 3094 1211 3150 procedere
1238 3095 1301 3150 (B.
1328 3098 1435 3146 rll.),
1471 3103 1515 3136 ut
1543 3100 1581 3146 l,
1611 3097 1682 3146 23,
1711 3098 1740 3135 6
1772 3099 1813 3137 ἰιι
1842 3098 2008 3137 Medico
2031 3097 2258 3151 prodeunt
2280 3093 2531 3150 procedunt
2551 3094 2711 3146 legitur,

213 3166 269 3205 sit
301 3164 640 3217 praeferendum3
674 3164 747 3203 sed
791 3177 826 3204 c.
864 3164 930 3211 Π,
957 3164 984 3203 2
1009 3165 1387 3218 expostulationes
1422 3166 1462 3204 in
1493 3165 1553 3205 M.
1594 3165 1742 3205 lectum
1773 3166 1987 3219 interpreti
2016 3165 2170 3205 debere
2199 3165 2290 3217 ipse
2316 3161 2547 3213 Madvigius
2575 3162 2712 3203 docuit

216 3245 435 3284 veramque
467 3244 562 3272 esse
587 3232 836 3285 reliquorum
869 3232 1114 3284 scripturam
1143 3233 1479 3286 postulationes,
1509 3247 1641 3286 neque
1674 3234 1828 3282 dubito,
1856 3234 1954 3285 quin
1988 3247 2023 3272 c.
2051 3232 2122 3280 27,
2152 3230 2183 3273 3
2210 3229 2429 3273 avnndine
2448 3227 2544 3281 (Μ.)
2575 3232 2710 3282 potins

211 3313 333 3355 quam
362 3298 686 3343 harundinibus
715 3298 813 3354 (8.),
841 3306 886 3341 et
911 3300 964 3341 ib.
998 3301 1019 3350 §
1050 3299 1106 3340 16
1145 3300 1442 3356 inopinantem
1472 3299 1566 3356 (M.,
1600 3303 1641 3343 in
1670 3315 1750 3355 quo
1783 3302 1903 3342 etiam
1939 3298 2013 3351 34,
2041 3301 2113 3351 28,
2140 3301 2195 3340 lo
2220 3297 2529 3353 necopinatum
2571 3311 2705 3340 eorru-

210 3376 324 3424 ptum
355 3371 438 3420 est)
467 3382 585 3421 qaam
614 3368 899 3423 inopinatae,
945 3382 968 3409 a
1008 3375 1245 3410 correctore
1279 3370 1466 3424 profecta
1505 3371 1605 3420 sint,
1651 3375 1694 3411 et
1736 3371 1773 3410 si
1810 3370 2008 3411 incertum
2049 3375 2138 3419 est,
2183 3377 2316 3408 utrum
2348 3379 2383 3406 c.
2409 3364 2481 3414 28,
2511 3366 2533 3405 1
2572 3366 2634 3409 ad
2660 3368 2711 3411 id

209 3439 394 3480 maxime
422 3437 610 3478 animum
634 3441 898 3479 exercuerat
926 3437 1020 3486 (M.)
1051 3450 1101 3478 an
1126 3450 1173 3480 se
1207 3438 1268 3480 ad
1295 3437 1344 3480 id
1371 3451 1425 3481 m.
1453 3451 1600 3481 exerc.
1624 3438 1782 3490 (Bau.)
1814 3439 1951 3480 verius
1980 3439 2047 3487 sit,
2077 3448 2315 3491 quamquam
2338 3434 2471 3475 minus
2499 3436 2708 3489 prohabile
